1920 2962
131 191 382 246 PUNICORUM
409 192 490 245 LlB.
514 193 575 246 ΧΗ.
672 196 723 247 261

40 331 56 368 e
76 316 172 365 virum.
209 310 333 382 Namque
351 316 398 378 (ut
418 313 522 378 cernis)
543 316 598 367 iam
617 313 724 384 flagitat

380 422 382 426 .
467 398 476 431 1
515 396 553 445 es,

40 459 111 504 »arat
122 452 245 502 accensis
254 451 357 501 imitari
368 397 615 505 fulminagliammis.
733 457 783 505 τοῦ

46 522 136 584 dictis,
148 526 241 591 grates
253 521 318 603 agit,
331 535 364 571 ac
374 520 486 571 turbata
497 536 547 589 per
558 538 639 574 auras

40 591 111 653 olat,
124 597 152 642 et
163 587 633 659 prensa1urenis,Saturniadextra,

40 679 44 707 l
56 663 151 723 ruis,·o
162 659 276 711 vecors?
294 661 453 727 maioraque
462 659 535 711 bella
545 662 673 729 capessis,

40 731 93 780 call
106 745 186 798 quam
197 727 271 780 ferre
283 726 392 778 datuml
412 730 480 797 luno
490 731 586 798 inquit,
599 737 724 783 otacrum

40 800 104 850 mult
114 799 222 861 nubem,
233 812 352 864 veroque
365 800 491 864 apparuit
502 814 549 865 oro
699 800 702 807 '
734 799 785 849 '105

40 913 42 919 ,
53 868 102 919 tibi
114 884 175 919 cum
185 864 307 935 Phrygio
319 866 541 919 res'luaurentive
552 868 661 932 colono,

43 953 104 1011 age,
115 932 252 1005 (namque,
264 935 349 988 oculis
362 942 454 987 amota
463 937 535 1005 nube
545 946 701 1007 parumper,

40 1022 100 1057 nere
112 1012 212 1057 cuneta
224 1006 308 1070 dabo)
319 1007 406 1073 surgit
419 1022 472 1074 qua
484 1006 572 1058 celsus
584 1007 620 1075 ad
631 1022 722 1070 auras,

40 1081 87 1138 loe,
99 1077 199 1126 montis
211 1088 291 1140 aper,
301 1075 427 1125 vocitata
437 1074 545 1127 Palatia
555 1078 614 1145 regi

40 1145 129 1195 rhasio
140 1143 221 1209 plena
232 1149 308 1193 tenet
319 1148 347 1194 et
357 1147 503 1194 resonante
513 1143 653 1210 pharetra,
732 1147 783 1195 'llo

40 1214 154 1279 oditque
167 1226 269 1272 arcum,
281 1218 309 1262 et
320 1227 425 1280 pugnas
436 1213 584 1264 meditatur
593 1214 698 1281 Apollo.

40 1298 89 1350 pua
99 1281 193 1331 vicinis
204 1280 276 1331 tollit
287 1296 316 1332 se
327 1281 441 1332 collibus
453 1282 525 1334 altae

40 1355 60 1403 ls
71 1351 229 1412 Aventinus,
239 1351 335 1414 videm,
347 1357 378 1401 ut
388 1351 508 1402 Latonia
518 1353 595 1421 virgo

40 1436 115 1472 ansas
128 1421 233 1487 quatiat
245 1417 452 1490 Phlegethontis
463 1416 571 1491 gurgite
583 1421 688 1485 taedas,

40 1496 113 1542 ortos
126 1490 202 1540 aride
214 1504 321 1558 pugnae
332 1490 435 1542 nudata
444 1490 583 1543 lacertosi
732 1489 783 1539 ’115

40 1567 63 1610 lc
74 1558 136 1620 alia,
148 1573 237 1621 cerne,
249 1565 281 1608 ut
290 1561 378 1610 saeuis
392 1559 527 1611 Gradivus
537 1563 564 1611 in
577 1561 658 1611 armis

40 1629 103 1680 lerit
115 1628 216 1678 dictum
228 1629 340 1694 proprio
353 1629 387 1678 de
399 1631 508 1680 nomine
520 1645 653 1696 campum.

40 1715 52 1749 c
69 1698 150 1748 lanus
164 1702 259 1748 movet
275 1711 351 1747 arma
366 1711 461 1758 manu,
478 1704 570 1748 movet
584 1697 648 1748 inde
660 1698 723 1758 Qui-

190 1776 193 1781 ·
457 1767 541 1827 rinus,

40 1851 102 1903 sque
121 1851 171 1886 suo
192 1835 226 1884 de
249 1833 317 1884 colle
333 1834 417 1884 Deus.
455 1832 509 1884 Seu
531 1835 602 1884 enim
622 1833 723 1898 aspice,

474 1909 573 1954 uanius

40 1974 84 2026 lda
92 1978 265 2025 commoveat
270 1972 376 2023 nimbos
383 1922 560 2041 ilamriiasque
567 1976 721 2023 vomentem
732 1971 783 2020 'rao

42 2049 94 2106 ter,
106 2050 135 2095 et
146 2043 253 2110 quantis
265 2047 362 2109 pascat
373 2041 447 2093 ierus
457 2043 564 2113 ignibus
574 2044 638 2093 iras.

40 2113 144 2164 :vultus
156 2111 246 2174 flecte,
255 2117 336 2179 atque
348 2112 417 2162 aude
427 2118 553 2180 spectare
559 2114 723 2175 Tonantem,

40 2201 56 2234 s
68 2182 180 2245 hiemes,
192 2187 308 2250 quantos
319 2195 452 2232 concusso
464 2183 567 2233 vertice
578 2182 666 2233 cernis

48 2259 115 2303 nutu
126 2253 255 2302 tonitrus.
276 2250 368 2301 Oculis
382 2253 426 2318 qui
437 2250 649 2320 fulgurationis!

40 2337 52 2372 e
64 2322 131 2372 Deis
142 2320 262 2382 tandem,
274 2325 302 2370 et
314 2320 424 2371 Titania
435 2321 528 2372 desine
538 2291 618 2371 belia.
732 2316 783 2366 72⁵

40 2390 123 2442 effatu
134 2392 230 2452 virum,
240 2388 385 2440 indocilem
396 2391 528 2456 pacisque
541 2388 677 2454 modique,
742 2445 744 2449 Ι

40 2466 127 2510 antem
139 2458 273 2526 Superum
285 2458 376 2509 vultus
388 2465 416 2509 et
427 2457 554 2509 flammea
565 2455 695 2517 membra,

40 2527 130 2591 trahit,
141 2544 173 2579 ac
184 2543 279 2594 pacem
290 2528 371 2578 terris
384 2527 516 2594 coeloque
528 2527 646 2593 reponit.

40 2604 148 2663 peccans
160 2597 225 2661 abit,
237 2603 266 2649 et
277 2597 377 2650 castris
388 2596 488 2651 auulsa
495 2597 610 2650 moueri

40 2665 143 2715 alubet
152 2667 262 2733 ductor,
276 2676 539 2742 remeaturumque
547 2669 695 2722 minam-
768 2650 833 2700 m

40 2733 97 2781 itur·
105 2737 250 2806 extemplo
263 2739 450 2815 flagrantior
462 2737 741 2800 aeklmmlllmffissa
