1920 2962
200 148 452 201 PUNlCORUM
479 149 561 201 LlB.
584 149 659 202 Xlll.
685 104 692 131 x
756 150 808 203 281

66 271 151 323 Haud
161 285 280 337 unquam
292 283 352 320 sese
363 270 458 320 virtus.
488 270 532 319 Tu
541 284 641 337 magna
650 270 763 338 gerendi

67 338 774 408 Praecipitatempus:morsatraimpendetagenti.
814 339 865 392 ¹175

66 409 147 459 Haec
158 407 257 459 affatus
270 408 335 459 abit.
367 409 462 459 Croesi
472 421 536 458 mox
548 407 659 458 advolat
669 408 774 472 umbra,

66 477 153 528 Dives
165 478 238 543 apud
249 492 377 543 superem
388 477 437 528 sed
448 492 524 528 mors
535 482 669 543 aequarat
678 481 779 544 egenis

65 547 155 613 Atque
166 544 220 608 hic,
231 547 327 612 Elysio
337 547 496 598 tendentem
506 545 592 597 limite
605 560 719 598 cernens

65 616 196 682 Effigiem
205 616 310 667 iuvenis
322 621 436 678 castam,
448 617 491 667 cui
501 616 571 666 vitta
580 614 686 682 ligabat

64 685 210 751 Purpurea
220 684 321 736 effusos
331 701 381 752 per
391 685 462 735 colla
471 686 586 735 nitentia
597 685 694 746 crines,
816 687 869 736 78⁰

64 754 128 816 Dic,
141 755 188 816 ait,
199 751 244 804 hic
255 755 373 820 quinam,
385 752 480 821 virgol
492 768 555 803 nam
566 754 627 804 luce
637 753 756 821 refulget

64 823 221 889 Praecipua
230 822 292 874 fons
303 838 387 874 sacra
395 824 464 885 viro,
475 822 632 889 multaeque
643 830 793 888 sequuntur

64 893 200 944 Mirantes
211 894 326 954 animae,
338 898 366 943 et
376 891 450 942 laeto
462 892 583 942 clamore
594 891 778 958 frequentant.

67 963 119 1024 Qui
132 960 235 1013 vultus!
248 976 328 1028 quam
340 962 375 1024 (si
387 959 485 1028 Stygia
496 976 551 1011 non
561 967 635 1012 esset
645 963 673 1011 in
683 962 793 1026 umbra)

64 1031 205 1082 Dixissem
215 1029 297 1082 facile
309 1046 369 1082 esse
382 1029 483 1080 Deuml
495 1029 556 1081 Non
569 1030 681 1093 falleris,
691 1033 788 1098 inquit,
817 1032 868 1082 785

64 1100 160 1152 Docta
172 1114 264 1150 comcs
276 1100 402 1149 Triviae:
413 1101 514 1150 meruit
524 1100 600 1151 Deus
612 1115 672 1151 esse
684 1101 779 1162 rideri,

63 1170 103 1220 Et
115 1168 168 1218 fuit
177 1169 205 1217 in
214 1172 292 1218 tanto
305 1182 359 1218 non
370 1182 483 1233 parrum
494 1174 608 1234 pectore
618 1183 728 1220 numen.

64 1238 194 1290 Carmine
206 1236 364 1302 complexus
373 1244 485 1299 terram,
496 1251 581 1298 mare,
594 1237 694 1301 sidera,
704 1252 808 1302 manos,

62 1309 102 1360 Et
115 1311 198 1356 cantu
208 1305 302 1356 Musas
313 1312 341 1356 et
352 1304 492 1357 Phoebum
504 1308 631 1374 aequarit
642 1306 755 1359 bonore.

64 1378 154 1444 Atque
165 1373 235 1426 haec
246 1381 358 1438 cuncta,
373 1377 447 1442 pn'm
459 1391 540 1443 quam
552 1383 691 1439 comeret,
713 1376 808 1429 ordine

541 1448 623 1498 terris
817 1447 870 1498 79⁰

64 1514 201 1576 Prodidit,
213 1521 241 1565 et
251 1520 371 1565 vestram
381 1515 445 1565 tulit
454 1530 540 1581 usque
549 1516 583 1565 ad
590 1515 807 1567 sideraTroium.

66 1583 169 1651 Scipio,
181 1583 349 1650 perlustrans
360 1583 447 1633 oculis
457 1583 623 1634 laetantibus
634 1584 767 1647 umbram,

66 1653 96 1706 Si
106 1668 179 1704 nunc
188 1651 248 1703 lata
260 1651 366 1714 darent,
377 1657 408 1701 ut
418 1652 535 1702 Romula
544 1652 620 1702 iacta
631 1668 681 1718 per
692 1655 786 1705 orbem

65 1723 122 1776 liic
134 1727 247 1774 caneret
257 1726 344 1782 vates,
356 1726 458 1786 quanto
471 1723 576 1770 maiora
585 1720 695 1770 funuos

64 1793 156 1846 Facta
166 1791 262 1842 eadem
272 1790 408 1839 intrarent
420 1786 483 1850 hoc,
494 1789 591 1854 inquit,
601 1793 674 1839 teste
680 1790 808 1854 nepotes!
819 1792 870 1843 795

64 1862 145 1916 Felix
155 1859 283 1922 Aeacida,
297 1860 339 1910 oni
351 1858 398 1909 tali
410 1857 526 1924 contigit
536 1870 585 1906 ore

68 1930 205 1986 Gentibus
217 1927 339 1982 ostendii
351 1928 443 1980 Crevit
452 1933 501 1978 tua
512 1927 634 1978 carmine
644 1927 738 1978 virtus.

66 2001 123 2054 Sed
133 2016 203 2069 quae
214 2005 294 2050 tanta
304 1999 374 2050 adeo
386 2002 542 2066 gratantum
555 1997 638 2048 turba
650 1998 799 2064 requirens,

66 2073 193 2124 Heroum
204 2070 309 2138 effigies
320 2070 492 2134 maioresque
505 2069 607 2135 accipit
616 2066 736 2117 umbras.

65 2141 134 2193 lnde
145 2142 205 2191 viro
217 2144 312 2205 stupet
319 2137 445 2199 Aeacide,
459 2143 552 2203 stupet
561 2138 686 2188 Hectore
697 2151 806 2204 magno,
818 2137 866 2187 8⁰i

66 2212 212 2278 Aiacisque
223 2209 337 2278 gradum
347 2207 556 2274 venerandaque
567 2206 693 2257 Nestoris
704 2222 754 2256 ora

66 2281 196 2342 Miratur,
227 2280 331 2331 emines
343 2283 468 2346 aspectat
477 2276 565 2328 laetus
576 2275 695 2338 Atridas,

66 2352 181 2419 lamque
193 2351 219 2401 lt
239 2365 327 2411 acum,
340 2347 422 2398 corde
436 2352 599 2415 aequantem
610 2345 705 2396 Peleia
715 2344 799 2394 iacta.

66 2422 213 2474 Victuram
224 2418 286 2469 hinc
300 2418 387 2468 cernit
396 2417 501 2467 Ledaei
514 2416 636 2466 Castoris
647 2413 786 2464 umbram:

65 2492 206 2542 Alternum
217 2488 304 2539 lucem
317 2485 467 2554 peragebat
478 2487 505 2535 in
518 2483 631 2535 aethere
641 2483 748 2535 Pollux.
818 2483 868 2535 805

67 2558 122 2612 Sed
136 2559 226 2609 subito
237 2557 327 2607 vultus
338 2560 492 2606 monstrato
502 2554 620 2605 Lavinia
628 2555 728 2605 traxit.

64 2630 137 2680 Nam
149 2629 224 2694 virgo
235 2627 388 2693 admonuit,
399 2633 514 2696 tempus
526 2635 822 2698 cognosceremanee

56 2697 216 2758 Femineos,
227 2712 264 2749 nc
277 2706 468 2754 cunctantem
477 2700 533 2755 lux
542 2700 626 2753 alma
633 2697 776 2750 uocaret·
