1920 2962
102 144 571 201 runrconunrnru.‘v1u„
651 149 701 201 ris
788 135 792 140 ’

45 282 81 319 na
90 267 241 334 sanguinea
250 265 357 317 vibrant
366 259 393 316 in
399 267 496 333 ‚nubila
505 268 566 320 luce

43 335 134 387 lucare
146 336 222 386 colus
232 350 283 385 nec
293 332 394 386 Sidone
404 335 482 386 vilior
492 337 594 400 Ancon,

43 420 72 456 ce
82 419 133 455 nec
144 403 266 471 Lybico:
278 409 385 471 statque
397 402 554 457 humectata
563 407 688 459 Vomano

43 476 86 536 ia,
99 480 126 523 et
136 474 284 523 inclemens
295 470 392 524 hirsuti
403 475 515 541 signiter
525 477 605 527 Ascli.
711 477 763 528 44⁰

43 542 135 605 Picus,
148 541 284 610 quondam
293 557 393 593 nomen
402 543 568 596 nemorabile
580 544 614 596 ab
626 545 681 597 alto

43 627 101 674 ruo,
112 613 209 662 statuit
219 612 341 679 genitor,
353 626 433 679 quem
446 615 565 664 carmine
577 615 654 667 Circe

44 697 89 731 um
97 679 204 732 formae
215 681 330 731 volitare
341 695 391 746 per
401 678 515 733 aethora
522 684 608 745 iussit,

47 751 115 801 arsit
124 751 221 816 plumis
233 765 361 800 croceum
371 749 499 817 fugientis
510 749 651 803 honorem.

47 823 91 881 (ut
100 818 175 870 sarna
186 819 280 882 docet)
291 819 370 869 tellus
382 833 511 884 possessa
519 821 652 889 Pelasgis,
713 820 765 872 445

48 889 124 940 Aesis
135 894 266 957 regnator
277 894 349 949 erat,
360 886 496 955 fluvioque
508 890 617 957 reliquit

43 973 89 1020 an,
101 964 130 1009 et
140 973 156 1008 a
167 972 227 1008 sese
239 957 355 1024 populos
367 964 424 1007 tum
437 957 505 1009 dixit
515 958 611 1010 Asilos.

44 1042 89 1080 ron
100 1026 236 1078 ruricolae
248 1027 391 1077 firmarunt
401 1027 500 1078 robore
513 1035 606 1079 castra

44 1098 129 1160 riore,
140 1098 213 1147 caris
223 1097 363 1150 venientes
374 1097 525 1159 montibus,
538 1098 640 1149 Umbri.

44 1167 117 1217 hosis
129 1163 262 1232 Sapisque
271 1165 377 1227 lavant,
389 1166 552 1233 rapidasque
563 1168 670 1217 sonanti
715 1167 767 1218 sio

44 1251 81 1287 ‚ce
91 1242 276 1301 contorquens
286 1234 372 1285 undas
385 1249 435 1301 per
444 1249 512 1286 saxa
522 1236 674 1298 Metaurus,

44 1310 89 1356 rat
97 1306 236 1373 ingentem
247 1302 412 1370 perfundens
421 1302 530 1356 flumine
541 1320 620 1356 sacro

44 1390 120 1425 mnus
130 1379 252 1435 taurum,
263 1372 374 1441 Narque
386 1374 586 1426 albescentibus
596 1375 675 1426 undis

44 1442 712 1512 tybrimproperans,Tiniaequaingloriushumor‚

44 1513 116 1576 lauis,
129 1519 157 1564 et
167 1512 280 1575 Rubico,
293 1511 618 1565 etSenonumdenomine
629 1512 768 1567 Senam

44 1589 115 1650 >ater
125 1582 228 1650 ingenti
238 1581 341 1633 medios
351 1583 472 1633 illabitur
482 1598 560 1634 amne

44 1668 73 1716 a,
85 1658 114 1703 et
124 1651 236 1703 admota
250 1653 408 1720 perstringit
418 1654 527 1703 moenia
535 1654 602 1719 ripa.

44 1721 114 1773 urbes
123 1723 209 1783 Arna,
221 1726 250 1772 et
258 1720 337 1772 laetis
348 1722 476 1772 Mevania
485 1723 571 1786 pratis

44 1792 121 1843 cllum
128 1827 136 1854 ,
147 1795 175 1843 ct
186 1789 254 1841 duro
267 1791 353 1840 monti
365 1805 414 1857 per
425 1803 494 1838 saxa
504 1789 664 1839 recumbens

45 1863 85 1923 ia,
97 1865 126 1912 et
134 1858 263 1911 infestum
274 1858 378 1909 nebulis
389 1856 562 1908 humentibus
574 1857 638 1907 olim
719 1857 769 1908 460

45 1946 105 1993 um,
117 1929 265 1998 patuloque
275 1930 367 1979 iacens
378 1928 436 1979 sine
447 1928 587 1979 moenibus
599 1942 664 1979 arvo

44 2001 106 2051 nia:
117 1997 159 2051 his
170 1999 264 2067 populi
274 1997 361 2050 fortes
371 1998 527 2060 Amerinus,
539 2003 567 2049 et
578 2001 659 2049 armis

44 2071 129 2121 'astris
140 2068 276 2120 laudande
288 2070 413 2131 Camers,
425 2066 468 2118 his
479 2066 590 2120 Sassina
601 2069 675 2120 dives

44 2142 79 2203 is,
92 2145 121 2191 ct
131 2137 203 2189 haud
213 2139 289 2204 parci
300 2139 419 2189 Martem
430 2136 546 2189 coluisse
558 2138 703 2190 Tudertes.

45 2223 77 2260 or
88 2208 153 2260 Piso
164 2209 237 2259 viros
249 2220 396 2273 spernaces
406 2209 503 2258 mortis
514 2207 614 2275 agebat
718 2204 769 2257 465

45 2293 119 2345 ruer,
131 2274 298 2345 pulcherque
309 2273 444 2327 habitum:
458 2277 506 2328 scd
519 2277 602 2328 corda
614 2277 707 2345 sagaci

45 2348 111 2398 abst
122 2348 241 2407 senium,
254 2352 335 2413 atque
350 2351 410 2396 astu
423 2352 602 2413 superaverat
614 2361 708 2396 annos.

45 2484 130 2537 aidum
142 2491 171 2536 et
180 2484 255 2536 fulvo
267 2486 350 2535 micat
359 2486 441 2553 ignea
451 2501 559 2553 gemma
568 2485 668 2535 monili.

45 2571 82 2623 ue
94 2570 144 2622 per
154 2555 287 2606 Etruscos
297 2554 369 2623 legio
383 2553 674 2624 completaman'iphus
731 2550 788 2597 *Ab

45 2640 116 2677 orem
126 2639 225 2692 magno
236 2626 387 2694 spectabat
398 2628 516 2680 noniinc
527 2625 667 2678 ualuas.

45 2707 134 2760 genus
144 2694 255 2748 orditur
265 2698 377 2767 Minos,
390 2701 551 2771 invisaque
560 2704 655 2751 tauro
