1920 2962
205 184 458 238 Punicorum
487 186 569 239 ΗΒ.
591 186 666 240 Xlll.
761 188 812 240 283

73 309 129 362 Sed
139 306 205 358 mihi
217 314 281 373 post
292 313 399 372 partum
409 320 465 356 non
473 306 547 357 ultra
554 307 658 359 ducere
667 307 752 358 vitum
822 309 873 363 alb

73 381 251 430 Concessum.
282 377 355 436 Heu,
367 381 497 442 quantum
508 377 608 444 gemui,
619 378 692 443 qued
701 376 812 442 spiritus

550 451 613 496 ante

74 517 154 568 Haec
165 515 215 566 tibi
227 530 307 582 quam
317 514 457 567 noscenda
467 514 576 577 darem,
592 482 718 634 discessit
728 517 756 567 in
766 527 819 569 aut

549 600 595 635 rus

72 655 125 706 His
135 654 228 704 alacer
239 653 311 704 colla
320 652 447 719 amplexu
456 660 581 709 materna
591 655 716 720 petebat:

72 723 229 790 Umbraque
240 729 283 773 ter
293 721 397 773 frustra
407 738 456 788 per
467 724 547 774 mane
558 724 646 789 petita
659 722 764 775 fefellit.

73 791 231 844 Succedunt
242 792 389 843 simulacra
399 793 487 843 virum
498 792 654 855 concordia,
666 793 753 860 patris
822 792 873 845 65⁰
896 846 899 851 ,

73 863 254 929 Unanimique
266 861 346 912 simul
356 862 455 927 patrui.
479 862 543 911 Ruit
552 863 611 927 lpse
621 876 671 927 per
681 862 814 924 umbram,

74 931 178 983 Oscula
188 947 259 982 vana
270 937 376 997 petens,
386 931 500 992 iuvenis,
514 930 643 998 fumoque
654 931 759 982 volucri

72 1002 111 1052 Et
120 1001 227 1052 nebulis
238 1001 339 1052 similes
350 1001 454 1051 animas
467 1000 636 1065 apprendere
648 1007 746 1053 certat.

73 1071 191 1132 Quiete,
203 1084 267 1120 care
278 1074 370 1136 pater,
382 1085 436 1136 quo
448 1071 558 1120 stabant
568 1070 637 1120 ltala
647 1085 741 1137 regna,

71 1141 183 1191 Excsus
191 1138 303 1188 Latium
309 1138 386 1187 Deus
399 1136 526 1188 abstulitl
536 1138 591 1188 llei
601 1135 679 1188 mihil
689 1153 752 1188 nam
765 1154 813 1190 cur
823 1137 874 1191 655

71 1209 136 1262 Ulla
146 1207 224 1257 lucre
236 1206 316 1268 adea,
328 1206 425 1272 quibus
436 1220 454 1256 a
463 1210 490 1256 te
503 1220 600 1257 sacrus
611 1204 746 1270 abessem,

71 1273 236 1331 Momentul
249 1275 384 1342 Opposita
396 1280 545 1327 mutassem
558 1281 670 1342 pectore
683 1283 809 1330 mortem.

74 1348 201 1409 Quantos
213 1344 354 1396 funeribus
366 1345 462 1396 vestris
474 1360 541 1412 gens
553 1345 623 1397 ltula
632 1348 735 1413 passim

72 1415 132 1468 Dat
142 1413 273 1483 gemitus!
287 1415 419 1465 Tumulus
429 1414 516 1476 vobis,
528 1421 656 1467 censente
669 1414 781 1479 Senatu,

72 1486 209 1538 Mavortis
220 1485 344 1552 geminus
354 1486 441 1551 surgit
452 1499 500 1550 per
511 1486 635 1551 gramina
645 1500 752 1551 campo.
823 1487 874 1538 660

73 1554 133 1607 Nec
146 1556 220 1621 passi
231 1554 318 1620 plura,
329 1555 357 1604 in
366 1553 457 1605 media
467 1568 594 1605 sermone
604 1554 742 1621 loquentis

74 1623 121 1676 Sic
132 1624 202 1674 adeo
214 1624 356 1689 incipiunt.
385 1621 466 1672 Prior
477 1619 546 1673 haec
557 1624 689 1689 genitoris
699 1625 805 1691 imago:

73 1694 139 1761 lpsu
149 1693 257 1760 quidem
268 1693 354 1742 virtus
364 1691 474 1741 sibimet
482 1689 665 1756 pulcherrima
674 1707 790 1756 merces,

72 1761 163 1814 Dulce
174 1769 268 1813 tamen
277 1762 353 1811 venit
364 1760 398 1810 ad
410 1774 513 1820 manes,
526 1774 586 1809 cnm
596 1761 687 1826 gratia
698 1762 771 1810 vitae

74 1830 165 1883 Durat
176 1832 248 1899 apud
259 1846 383 1896 superus,
395 1843 446 1880 nec
456 1828 542 1878 edunt
552 1828 652 1879 oblivia
661 1828 778 1880 laudem.
825 1832 874 1882 665

73 1902 179 1955 Verum
195 1916 262 1968 age,
278 1899 351 1962 fare,
368 1900 452 1951 decus
468 1903 606 1960 nestrum,
621 1904 650 1949 te
666 1898 816 1965 quantala-

550 1968 571 2019 ti
592 1973 620 2019 et

74 2038 184 2092 Militia.
212 2038 285 2100 Heu,
295 2039 404 2104 quoties
414 2039 499 2087 intrat
509 1983 697 2105 meagpectoru
707 2045 806 2100 terror,

77 2111 145 2160 Cum
156 2114 261 2174 repeto,
274 2120 354 2173 quam
364 2121 463 2163 saevus
473 2121 530 2169 eas,
541 2107 589 2158 ubi
598 2123 699 2175 magna
709 2109 812 2174 pericla

76 2178 246 2244 Contingunt
254 2172 318 2226 tibi!
330 2174 385 2225 Per
394 2176 490 2238 nostri,
502 2175 660 2241 inmeritae,
671 2177 720 2228 leti

76 2247 211 2298 Obtestcr
221 2259 329 2307 causas,
338 2243 437 2295 Martis
447 2245 591 2298 moderare
601 2246 696 2299 furori.
826 2248 876 2300 dte
924 2290 926 2295 ,

76 2315 128 2368 Sat
139 2315 190 2366 tibi
200 2316 255 2366 sint
266 2313 431 2365 documenta
441 2312 547 2366 domus.
577 2317 683 2368 Octava
694 2319 803 2369 terebat
924 2316 927 2322 ’

76 2389 207 2437 drentem
219 2383 313 2434 culmis
324 2397 441 2434 messem
452 2386 649 2451 crepitantibus
661 2391 762 2448 aestas,

76 2457 187 2522 Exque
200 2458 300 2505 cuncta
311 2448 376 2504 milri
388 2450 505 2514 calcata,
513 2468 633 2520 meoque
644 2453 755 2505 subibat
798 2486 801 2491 -

78 2525 218 2575 Germano
231 2523 336 2575 devexa
346 2524 439 2590 iugum
450 2523 593 2575 Tartessia
604 2523 690 2573 tellus.

75 2593 136 2645 Nos
147 2595 263 2644 miserae
274 2607 367 2645 murus
378 2597 408 2646 et
417 2596 497 2646 tecta
505 2597 609 2645 renata
616 2590 766 2660 bagusta,
844 2589 906 2636 W

68 2661 130 2711 Nes
140 2661 265 2714 dedimus
275 2663 380 2718 Baetin
393 2665 473 2720 nullo
485 2670 591 2736 putare
601 2663 657 2717 sub
662 2663 771 2715 inuste.

58 2726 150 2779 Noln's
158 2729 317 2789 indomitus
332 2741 487 2795 convertit
496 2746 608 2809 terque
621 2740 796 2806 quaterne*
