1920 2962
185 169 237 219 204
376 167 405 216 G.
435 162 540 214 SlLll
567 160 734 215 l'l'ALlCl

185 287 318 354 Tegmina
330 282 441 335 Callaici
452 298 551 333 cornus
560 283 741 334 tremebunda
749 284 866 335 metalli.

121 359 172 409 121
185 358 236 418 Ειι,
247 353 333 404 reddo
344 361 393 404 tua
405 353 460 403 tela
471 353 533 403 tibi:
543 352 728 405 memorabilis
737 355 794 404 ista

180 428 200 475 Α
212 424 291 475 nobis
302 422 396 473 melius
407 421 495 472 discet
505 420 606 472 bellare
616 423 751 477 iuventus.

183 494 228 545 Sic
238 493 350 560 propn‘n
359 492 452 542 miseri
463 491 599 558 transfigit
609 497 726 556 pectora
736 505 834 544 corno.

181 565 216 613 At
228 569 325 614 contra
335 560 524 624 (horrendum)
534 560 577 611 bis
587 566 667 610 terna
677 561 785 627 spicula
796 562 896 613 dextra

182 634 271 683 Torta
280 630 382 691 volant,
395 628 559 696 paribusque
570 634 652 679 ruunt
664 629 809 682 conatibus
815 628 919 684 hastae.

120 702 171 752 125
182 699 266 752 Haud
275 715 355 751 secus
366 714 399 750 ac
410 698 545 764 Libycam
556 697 614 749 ieta
623 698 722 750 tellure
731 699 860 751 leaenam

184 771 306 823 Venator
316 769 416 835 premit
426 767 538 819 obsesso
550 783 611 818 cum
622 768 736 820 Maurus
745 770 773 820 in
785 776 877 834 antro,

180 839 314 891 Invadunt
326 838 413 889 rabidi
422 839 476 887 iam
488 837 598 899 dudum,
609 844 637 888 ct
647 839 740 888 inania
749 844 861 891 tentant

179 907 307 960 Nondum
318 914 362 959 sat
372 905 546 957 lirmo‘catuli
557 908 707 958 certamina
717 907 809 959 dente.

180 977 321 1029 Consumit
331 974 429 1041 clypco
442 975 506 1037 tela,
517 981 553 1038 et,
565 976 697 1027 collectus
708 978 737 1027 in
748 992 835 1040 arma,

119 1046 169 1097 tto
181 1045 303 1097 Sustinet
312 1046 438 1112 ingentes
450 1045 646 1110 crepitantibus
657 1046 757 1098 ictibus
768 1045 864 1098 hastas

180 1114 307 1167 Sidonius
317 1113 430 1165 ductor:
440 1127 491 1164 nec
501 1114 556 1164 iam
568 1129 617 1180 per
627 1115 741 1166 vulnera
751 1116 850 1179 credit,

179 1186 233 1235 Aut
246 1199 295 1253 per
304 1190 348 1234 tot
361 1182 459 1234 caedes
471 1188 563 1234 actum
573 1184 655 1234 satis:
665 1185 761 1252 iraque
773 1183 890 1247 anhelet,

179 1254 214 1304 Ni
223 1254 280 1304 leto
293 1253 340 1304 det
351 1257 451 1302 cuncta
459 1252 561 1314 virum,
574 1254 723 1320 iungatque
733 1255 851 1321 parenti,
909 1274 913 1283 ·

180 1325 311 1388 Corpora,
323 1327 352 1371 et
363 1318 473 1371 excidat
482 1322 597 1373 miseros
608 1337 670 1372 curn
681 1324 767 1389 stirpe
777 1330 896 1390 pennos.

119 1390 169 1443 135
183 1390 375 1440 TuncAbarim
386 1386 487 1439 affatur
494 1407 502 1454 ;
514 1405 692 1459 namqueuna
702 1389 821 1444 lricamri
841 1394 910 1446 erira

178 1458 349 1531 Flammalrat
358 1458 492 1521 Martem,
508 1466 590 1527 atque
603 1476 696 1512 omnes
709 1476 802 1515 comes
818 1464 828 1513 i
848 1462 911 1515 atla

655 1535 747 1582 actus:

181 1595 332 1663 Suppedita
340 1594 407 1648 milri
418 1597 482 1650 tela.
518 1599 603 1652 Vadis
611 1599 718 1651 liventis
729 1602 827 1652 Averni

179 1667 294 1717 Demitti
306 1667 403 1736 globus
412 1668 458 1720 ille
469 1669 553 1735 cupit,
565 1671 609 1737 qui
620 1676 717 1721 nostra
723 1670 846 1722 lacessat

180 1737 322 1805 Tegmina,
332 1740 387 1789 iam
398 1738 498 1789 stultae
509 1737 615 1789 fructus
626 1740 736 1804 pictatis
746 1738 868 1792 habebit.

119 1809 170 1859 tao
182 1807 262 1858 llaec
272 1806 345 1859 latus
355 1808 446 1859 iaculo
456 1807 571 1870 Lucam,
583 1809 628 1876 qui
638 1809 772 1860 maximus
783 1812 853 1873 aevi,

180 1878 369 1945 Transadigit:
381 1893 476 1945 pressa
484 1878 589 1928 iuvenis
600 1893 661 1928 cum
674 1879 786 1945 cuspide
797 1878 889 1931 labem

180 1948 262 1996 Arma
273 1961 355 2010 super
366 1947 481 1996 fratnrm
492 1949 620 2014 resupino
633 1948 753 2000 concidit
763 1964 821 2001 ore.

180 2012 354 2065 Mortiferum
369 2014 431 2066 inde
443 2030 524 2065 manu
539 2023 732 2083 properantem
746 2018 849 2071 vellere
864 2017 913 2069 ier·

656 2102 716 2137 rum

179 2150 239 2202 l’ilo
252 2148 401 2201 Volsonem
412 2155 540 2221 (namque
551 2153 604 2206 hoc
615 2156 649 2207 de
661 2162 753 2223 strage
764 2158 899 2210 iacentum

119 2223 170 2272 145
181 2222 250 2270 Fors
262 2217 358 2282 dabat)
370 2221 452 2271 affixa
461 2225 560 2274 sternit
570 2239 619 2290 per
629 2227 750 2294 tegmina
760 2242 835 2279 nare.

180 2290 251 2339 Tum
260 2286 405 2351 Vesulum,
421 2290 509 2341 calido
520 2293 672 2359 lapsantem
681 2296 709 2344 ln
721 2298 853 2365 sanguine
862 2294 911 2347 trs·

653 2370 735 2427 trum,

181 2430 252 2478 llnse
262 2428 342 2478 metit
352 2428 463 2495 rapido;
481 2429 642 2500 plenamque
654 2431 724 2550 (hela
734 2432 913 2485 barbararlr·

653 2507 697 2553 tus

169 2563 280 2616 Abscisi
291 2565 404 2633 galeam
416 2568 530 2637 capitis,
539 2584 592 2622 ceu
598 2570 702 2621 missile
709 2505 804 2633 daiam,

164 2638 323 2691 Conversis
332 2640 361 2691 in
371 2644 459 2711 terga
467 2639 549 2692 iacit.
580 2637 864 2697 'lelestnusmdaasa

80 2700 243 2765 150111130
254 2726 345 2780 saxo,
360 2727 423 2784 qua
433 2710 521 2783 spina
528 2705 694 2762 interstruit
703 2708 794 2762 artus,
