1920 2962
122 163 173 215 24⁰
315 161 343 211 C.
372 157 475 210 SlLll
502 156 668 210 lTALlCl

124 280 237 331 Immitis
248 278 387 329 condebat
395 276 491 339 hiems,
504 275 664 344 blandisque
674 274 784 327 salubre

124 350 182 401 Ver
192 346 327 415 Zephyris
338 347 432 414 tepido
443 345 581 397 mulcebat
591 360 657 396 rura
666 359 776 397 sereno.

100 419 116 468 5
125 418 284 484 Prorumpit
297 418 390 484 Capua
400 415 518 477 Poenus,
528 415 672 482 vicinaque
680 413 739 465 late

126 487 281 538 Praemisso
293 491 399 536 terrore
411 486 508 552 quatit.
539 484 595 534 Ceu
606 483 719 534 condita
727 483 832 545 bruma,

127 557 199 606 Dum
209 554 332 622 Rhipaea
343 555 432 622 rigent
442 552 580 620 Aquilonis
591 551 717 613 flamina,
728 551 837 604 tandem

128 626 237 676 Evolvit
247 639 359 690 serpens
370 637 471 673 arcano
483 622 606 672 membra
616 621 708 683 cubili,

128 696 165 745 Et
179 692 337 760 splendente
349 692 392 742 dio
402 706 488 742 novus
498 691 611 753 emieat,
627 695 712 757 atque
722 704 862 741 coruscum

86 765 117 812 to
128 765 195 814 Fert
206 767 297 829 eaput,
309 767 338 811 et
347 762 450 812 saniem
461 760 574 811 sublatis
585 757 711 810 faucibus
721 757 807 809 efflat.

128 834 163 882 At
173 832 274 897 Libyei
286 830 362 881 duc-is
373 834 405 880 ut
413 829 548 880 fulserunt
557 829 634 895 signa
645 843 694 894 per
707 843 800 895 agros,
883 866 886 872 .

129 901 263 952 Desolata
273 905 348 950 metu
359 904 467 960 cuncta,
480 904 516 960 et,
527 898 659 949 suadente
671 911 789 963 pavore,

129 970 209 1022 Vallo
221 984 250 1018 se
265 968 387 1018 elausere
399 966 487 1029 simul,
499 966 651 1034 trepidique
662 966 760 1017 salutis

131 1040 301 1105 Exspectant
311 1037 378 1102 ipsis
389 1042 542 1086 metuentes
553 1036 695 1087 moenibus
707 1033 825 1087 hostem.

88 1108 121 1158 15
134 1107 188 1158 Sed
199 1122 254 1157 uon
265 1105 310 1156 ille
321 1107 408 1173 vigor,
419 1107 468 1172 qui
474 1106 562 1171 ruptis
573 1105 684 1171 Alpibus
696 1119 775 1155 arma

131 1176 273 1239 intulerat,
285 1175 452 1242 dederatque
463 1176 530 1236 vias,
543 1174 698 1242 Trebiaque
709 1175 815 1240 potitus

132 1248 275 1297 Maeonios
287 1244 357 1295 ltala
367 1243 511 1295 scelerarit
522 1244 653 1311 sanguine
663 1241 774 1305 fluetus,

132 1316 211 1363 'sune
220 1315 318 1363 inerat.
347 1311 423 1362 Molli
434 1313 499 1363 luxu
510 1311 667 1364 madefacta
675 1327 819 1380 meroque,

130 1381 267 1432 llleeebris
279 1381 367 1431 somni
378 1384 517 1447 torpentia
527 1382 649 1433 membra
659 1381 797 1433 fluebant:

87 1454 123 1501 20
135 1453 201 1512 Quis
212 1448 316 1517 gelidas
327 1455 433 1499 suetum
446 1457 542 1502 noctes
553 1449 667 1503 thorace
679 1452 803 1519 gravatis

131 1519 187 1571 Sub
198 1520 263 1571 love
274 1535 329 1570 non
341 1534 428 1586 aequo
439 1519 558 1582 trahere,
570 1526 598 1571 et
608 1521 731 1572 tentoria
743 1535 828 1588 saepe

133 1587 286 1655 spernere,
313 1589 359 1639 ubi
382 1587 496 1640 hiberna
521 1596 632 1641 ruerent
657 1605 719 1641 cum
739 1589 867 1658 grandine

606 1660 698 1720 nimbi,

133 1730 171 1778 Ae
182 1743 215 1778 ne
227 1734 309 1778 noete
320 1728 426 1796 quidem
439 1729 561 1795 clypeire
575 1744 687 1780 ensesre
699 1730 816 1794 reposti,

133 1797 194 1848 Non
205 1795 351 1865 pharetrae
363 1798 523 1861 eutiaeula,
538 1804 567 1850 et
582 1813 632 1864 pro
649 1798 780 1849 membris
797 1812 868 1849 uma

606 1867 696 1931 fuere,

87 1934 123 1984 25
135 1937 213 1985 Tune
224 1951 306 2002 grave
318 1941 402 1987 cassis
417 1954 497 2000 onus,
510 1938 667 2005 maioraque
678 1937 869 2003 ponderatim

131 2003 300 2065 Parmarum,
314 2020 345 2054 ao
357 2006 435 2057 nullis
446 2007 522 2058 fusae
534 2006 696 2057 stridoribus
707 2004 815 2058 hastae.

132 2073 223 2121 l‘rima
232 2073 429 2125 instaurantem
441 2078 526 2128 sensit
537 2077 687 2128 certamina
696 2076 771 2127 mitis

132 2138 314 2208 Parthenope,
326 2159 379 2194 non
391 2145 466 2196 dives
477 2161 573 2214 opum,
583 2162 637 2196 non
649 2151 745 2212 spreta
755 2144 867 2214 vigoris:

132 2208 185 2259 Sed
198 2216 292 2274 portus
303 2218 413 2264 traxere
424 2215 520 2266 ducem
533 2231 630 2267 secura
640 2215 780 2265 volentem

89 2279 122 2328 30
134 2281 268 2346 Aequora,
280 2296 348 2346 quae
360 2288 467 2347 peteret
474 2287 584 2336 veniens
592 2282 860 2353 Carthaginepuppis

133 2347 209 2398 Nunc
221 2349 315 2399 molles
326 2351 386 2400 urbi
397 2353 473 2414 ritus,
486 2360 568 2422 atque
578 2352 688 2421 hospita
697 2354 786 2405 Musis

135 2419 206 2479 Otia,
220 2424 247 2469 et
258 2427 394 2471 exemtum
406 2424 477 2471 euris
488 2425 658 2490 gravioribus
671 2439 778 2474 aerum.

135 2486 257 2537 Sirenum
270 2490 343 2542 dedit
355 2506 409 2541 una
419 2508 495 2543 suum
507 2493 683 2544 memorabile
693 2508 795 2545 nomen

130 2554 308 2626 Parthenope
318 2562 403 2613 mitris
415 2559 571 2612 Acheloias:
582 2577 700 2628 aenuore
712 2564 791 2613 euius

75 2627 112 2679 35
123 2629 295 2699 Regnavere
309 2632 355 2684 diu
369 2639 480 2694 eamus,
491 2647 556 2682 eum
565 2630 703 2692 duleeper
712 2630 803 2677 sinuas

113 2702 250 2756 Exitium
262 2704 381 2758 miseris
396 2708 516 2755 caneret
525 2714 585 2751 nun
593 2695 844 2763 praepararemus.
