1920 2962
138 137 172 186 'ti
338 134 367 184 G.
394 130 497 185 SlLli
523 132 685 187 {Thaioi

139 253 263 371 Namgua
275 257 314 314 ut,
326 251 432 303 collatis
445 252 558 303 admoto
572 251 687 303 Consule
699 253 783 302 castri

140 321 221 374 Sustu
233 327 294 372 erat
305 322 429 372 Fortuna
438 335 544 382 moras,
557 321 718 389 signumque
730 320 782 371 fur«

137 393 278 442 Accensae
289 391 347 440 riso
360 391 510 456 poscebant
520 387 600 440 hoste
611 387 754 441 cohortes:

139 460 286 511 Debellata
297 459 405 526 procul,
418 473 594 526 quaeeunque
606 464 740 511 vocantur
755 459 782 510 H

96 527 129 580 60
141 530 246 598 Ingenti
259 530 361 594 Tyrius
372 541 517 578 numerosa
528 542 577 594 per
589 528 698 594 agmina
708 528 782 578 ducti

139 598 216 651 Voce
228 603 317 660 sonat,
328 613 381 648 non
393 597 521 662 Pyrenen
531 594 726 647 Rhodanumve
737 596 780 648 fer

139 670 217 719 iussa
227 672 397 733 aspernatos,
409 666 537 717 Rutulam
549 664 668 716 fumasse
680 663 782 733 Sagunt

139 737 256 804 Raptum
268 751 317 803 per
327 735 418 787 Celtas
429 737 491 797 iter,
503 740 540 797 et,
552 751 606 803 qua
615 749 718 801 ponere
729 751 782 802 gre

137 803 398 872 Amphitryoniadae
409 803 491 856 fuerit
501 805 593 866 labor,
604 804 658 854 isse
669 803 719 854 sub
732 820 782 855 arn

94 874 128 926 65
139 876 295 926 Poenorum
306 880 420 938 turmas,
432 876 604 941 equitemque
614 888 663 940 per
670 873 757 923 ardua
767 891 782 924 v

138 944 286 994 lnsultasse
296 945 371 1010 iugo,
382 949 411 995 et
420 941 564 993 fremuisse
576 939 725 993 hinnitibus
734 943 782 1009 Alp

139 1014 242 1063 Contra
252 1008 367 1078 pulchra
377 1026 442 1061 suos
453 1016 535 1061 vocat
545 1010 580 1061 ad
596 1011 752 1062 discrimina
769 1015 782 1064 (

137 1080 269 1141 Hostem,
296 1079 385 1140 miles,
411 1077 496 1131 hahes
523 1078 640 1130 fractum
667 1080 782 1132 annuum

610 1165 713 1200 nrvosrs

138 1217 284 1279 Cautibus,
295 1223 377 1285 atque
389 1232 472 1285 aegre
482 1219 621 1284 torpentia
631 1219 755 1269 membra
765 1225 782 1272 tr

611 1293 675 1339 tem.

95 1357 128 1407 to
139 1357 182 1407 En
193 1370 252 1418 age,
265 1355 310 1422 qui
321 1369 416 1405 sacros
427 1361 543 1418 montes,
554 1372 688 1423 rupesque
701 1357 782 1424 profu

137 1423 295 1485 'transiluit
306 1423 403 1485 discat,
415 1430 516 1492 quanto
530 1432 585 1476 stat
596 1427 694 1477 celsius
706 1441 770 1477 aree

138 1492 276 1545 Herculea
285 1492 400 1557 vallum3
421 1499 457 1556 et,
467 1495 554 1546 maius
564 1497 608 1559 sit,
619 1496 751 1546 scandere
763 1512 782 1546 c

137 1565 176 1615 An
187 1567 294 1613 vestros
304 1564 409 1628 rupisse
419 1563 525 1631 globos.
544 1565 600 1616 Det
609 1565 702 1616 inania
712 1564 782 1615 fama

137 1633 209 1683 Dum
220 1647 320 1700 magna
330 1631 391 1683 suso
403 1649 502 1701 pugna,
514 1640 643 1700 retroque
654 1635 753 1696 ruenti,

94 1702 127 1753 ih
140 1703 201 1764 Qua
220 1709 330 1752 ventum
351 1709 401 1765 est,
423 1703 533 1754 obstent
553 1704 641 1769 Alpes.
680 1703 769 1771 Super

610 1774 722 1823 ductum

137 1840 201 1892 Huc
211 1856 292 1908 egere
304 1842 365 1904 Dei,
378 1841 475 1893 Latios
487 1847 518 1893 ut
526 1844 658 1910 sanguine
670 1843 739 1894 fines

138 1911 284 1970 imbueret,
296 1911 431 1977 tellusque
441 1908 548 1962 hostilis
559 1913 691 1963 conderet
700 1927 765 1964 ossa

139 1977 215 2030 Scire
226 1978 301 2040 libet,
312 1993 383 2028 nova
394 1994 464 2029 nune
475 1981 554 2031 nobis
565 1986 646 2047 atque
659 1981 746 2032 altera
756 1983 782 2034 b«

139 2044 291 2112 Carthago,
308 2061 377 2097 anne
394 2046 490 2097 eadem
507 2050 612 2112 mittat,
623 2065 707 2117 quae,
725 2067 782 2104 mer

611 2134 643 2169 ae
664 2136 715 2170 uor

94 2185 128 2236 80
139 2185 257 2251 Aegates
267 2181 339 2232 inter
349 2189 427 2234 vasto
438 2185 511 2253 iacet
521 2186 621 2238 obruta
631 2136 725 2255 pharo}

138 2253 217 2303 Haec
228 2252 280 2301 ait:
300 2257 382 2317 atque
393 2267 490 2318 agmen
502 2256 591 2307 Ticini
602 2256 689 2309 flectit
699 2258 734 2308 ad
745 2275 782 2309 un

139 2320 286 2372 Caeruleos
298 2320 410 2371 Ticinus
423 2337 517 2389 aquas,
528 2332 557 2375 et
566 2333 664 2394 stagna
674 2328 781 2379 vadoso

138 2390 304 2456 Perspicuus
314 2395 406 2440 servat
416 2392 521 2444 turbari
531 2397 625 2446 nescia
634 2396 729 2457 fundo,

137 2460 175 2509 Ae
186 2458 300 2508 nitidum
312 2459 391 2509 viridi
401 2460 474 2512 lente
484 2461 570 2514 trahit
581 2480 660 2516 amne
672 2466 776 2532 liquore

94 2526 127 2580 85
139 2528 193 2579 Vix
204 2527 301 2577 credas
311 2527 379 2578 labi:
398 2531 464 2596 ripis
474 2536 530 2582 tam
542 2534 615 2584 mitis
625 2535 729 2600 opacis,

136 2597 254 2663 Argutos
265 2596 336 2647 inter
346 2597 485 2650 volucrum
497 2604 645 2654 certamine
657 2609 761 2668 cantus,

129 2663 316 2718 Somniferanr
330 2665 407 2721 ducit
417 2668 520 2722 lucenti
530 2674 637 2740 gurgite
646 2671 761 2739 lympha*
