1920 2962
185 173 235 224 aar
386 172 414 221 c.
443 168 548 222 srurr
577 168 741 223 irroret
815 156 819 163 '

184 292 289 342 Terror
304 287 392 341 adhuc
408 289 499 339 inerat
513 285 662 354 Superum,
678 288 886 371 acredolentm
907 296 939 359 fl
955 295 958 342 ,¹

141 430 174 478 20
184 428 322 489 Fulmina,
334 434 363 478 et
373 432 436 478 ante
448 425 542 478 oculos
553 417 616 476 irati
628 371 871 493 pufflm'ronantis.
887 442 915 477 a,

183 497 303 548 Pareodi
313 503 414 559 tamen,
426 502 454 547 et
465 496 624 563 cuicumque
634 495 792 548 incumbere
801 497 873 549 iusso

183 566 309 619 Durabat
320 567 406 633 vigor,
419 580 460 627 ac,
473 566 572 615 sensim
585 560 699 615 diffusus
709 564 744 615 ad
756 580 845 628 aures,

184 635 269 704 Signa
280 635 438 701 reportandi
450 633 593 684 crescebat
603 634 629 683 in
642 634 750 700 agmine
761 634 861 685 femor.

183 704 242 768 Sic,
252 704 298 754 ubi
310 705 433 771 perrupit
441 707 613 773 stagnantem
626 701 745 755 calculus
755 704 864 768 undam,

140 775 172 825 2⁵
183 776 305 842 Exiguos
316 772 418 824 format
428 788 478 839 per
488 772 576 839 prima
584 770 723 823 volumina
732 788 828 841 gyros,

182 845 258 905 Mox,
269 843 414 894 trcnmlum
424 842 534 893 vibrans
541 848 619 893 motu
631 841 763 909 gliscente
775 842 912 910 liquorem,

180 913 346 979 Multiplicat
358 912 470 963 crebros
481 912 579 962 sinuati
591 910 706 978 gurgitis
717 911 814 976 orbes3

180 984 277 1033 Donec
287 988 427 1047 postremo
439 981 537 1031 laxatis
548 979 664 1030 circulus
675 981 730 1031 oris

180 1052 327 1118 contingat
335 1050 458 1118 geminas
468 1047 562 1116 patulo
574 1050 731 1101 curvamine
742 1050 824 1115 ripas.

50 1142 52 1147 ·
136 1123 169 1174 30
178 1123 214 1172 At
225 1125 322 1170 contra
331 1120 482 1188 Argyripae
495 1133 607 1185 pravum
618 1118 717 1181 decus,
727 1119 833 1181 (inclita
844 1134 904 1171 nam

672 1202 707 1238 ue

47 1164 62 1283 x
179 1257 289 1310 Semina
300 1258 333 1306 ab
347 1256 442 1307 Oenea
454 1255 575 1307 ductoris
586 1258 671 1322 stirpe
681 1254 808 1308 trahebat
834 1294 837 1299 .
869 1254 876 1263 '

177 1326 278 1389 Aetoli)
289 1326 376 1375 Dasio
389 1323 440 1374 fuit
449 1320 523 1374 haud
533 1326 653 1392 ignobile
665 1340 773 1390 nomen,

178 1395 283 1446 Laetus
295 1409 391 1459 opum,
401 1393 449 1443 sed
463 1393 560 1443 clauda
570 1394 648 1458 fides,
659 1411 773 1464 seseque
785 1396 887 1448 calenti

176 1463 325 1516 Addiderat
336 1462 440 1525 Poeno,
452 1461 551 1514 Latiae
561 1464 666 1517 diffisus
678 1463 811 1516 habenae.

135 1534 169 1584 35
181 1536 216 1597 ls,
227 1533 338 1583 volvens
348 1538 471 1583 veterum
479 1540 632 1584 memorata
643 1536 754 1603 antiqua
764 1542 916 1602 parentum,

178 1604 287 1671 Longo,
298 1602 384 1665 miles,
397 1604 450 1666 ait,
462 1609 589 1670 quateret
599 1619 661 1655 cum
673 1605 794 1656 Teucria
803 1606 877 1657 bello

178 1674 330 1742 Pergama,
346 1672 420 1724 etad
434 1687 527 1724 muros
543 1679 631 1725 staret
642 1675 699 1725 sine
715 1677 851 1743 sanguine
863 1676 915 1727 lla·

652 1759 724 1806 vors,

178 1812 308 1865 Sollicitis
321 1809 436 1863 Calchas
448 1813 523 1875 (nam
536 1813 576 1863 sio
586 1811 752 1864 fortissimus
764 1811 851 1866 horos

177 1883 307 1935 Poscenti
318 1897 416 1933 socero
427 1897 510 1948 saepe
521 1883 593 1932 inter
603 1883 703 1947 pocula
714 1884 815 1934 Dauno

135 1955 169 2002 lo
179 1951 317 2002 Narrabat
327 1952 442 2000 memori
451 1951 599 2002 Diomedes
612 1952 724 2004 condita
735 1959 843 2017 mente)

179 2017 361 2072 Sed·Calchas
372 2020 491 2081 Danais,
502 2022 553 2071 nisi
565 2020 686 2072 clausum
698 2036 712 2071 e
723 2022 837 2074 sedibus
850 2024 915 2074 arcis

177 2090 336 2140 armisonae
349 2094 445 2140 curent
456 2090 630 2141 simulacrum
642 2091 758 2142 avellere
770 2092 872 2155 Divae,

177 2158 239 2210 Non
251 2173 368 2225 unquam
380 2158 499 2209 affirmat
510 2158 698 2226 Therapnaeis
709 2159 777 2212 ilion
791 2165 877 2213 armis

178 2230 331 2288 cessurum,
344 2233 392 2277 aut
401 2227 496 2279 Ledae
509 2228 659 2279 rediturum
671 2245 769 2281 nomen
780 2232 910 2297 Amyclas

135 2298 167 2348 15
180 2298 287 2364 Quippe
299 2296 365 2346 Deis
376 2298 472 2358 risum,
485 2313 518 2347 ne
530 2300 573 2348 cui
585 2315 762 2367 perrumpere
775 2301 868 2364 detur,

177 2368 290 2436 Effigies
303 2381 336 2416 ea
347 2380 414 2432 quas
425 2381 543 2432 unquam
556 2369 719 2434 possederit,
730 2369 824 2421 urbes.

176 2438 248 2487 Tum
264 2452 340 2487 meus
353 2436 481 2487 adiuncto
492 2444 674 2490 monstratam
684 2441 771 2490 erasit
785 2441 815 2490 in
828 2456 900 2492 arcer

176 2506 300 2575 Tydides
312 2505 418 2570 lthaco,
430 2511 471 2569 et,
483 2506 581 2558 dextra
592 2508 702 2560 molitus
712 2509 740 2558 in
750 2511 812 2575 ipso

168 2578 311 2632 Custodes
323 2579 403 2633 aditu
412 2577 519 2647 templi,
529 2577 649 2629 coeleste
656 2583 780 2643 reportat

106 2648 148 2702 50
158 2651 346 2719 Palladium,
362 2670 400 2706 ac
410 2651 520 2706 nostris
529 2645 887 2720 aperitmalaberpamaiu

149 2724 234 2781 Nam
248 2732 420 2800 postquam
430 2723 574 2779 Oenotris
588 2716 719 2769 iundanit
728 2709 832 2759 numus
844 2711 883 2755 ur
