1920 2962
176 166 227 216 128
373 161 403 211 G.
432 157 537 211 Sibil
564 156 726 210 lTllLlcl
746 214 750 219 ,

114 285 166 334 420
177 285 304 350 Tangere
315 283 439 331 sacratos
449 278 552 338 nultus,
564 283 645 343 atque
657 277 752 327 oscula
761 278 796 328 alr
810 292 863 330 ore

174 352 317 403 Libavisse
328 346 395 398 tuot
412 347 546 398 Dextram
556 343 622 395 mihi
634 345 768 411 prendere
779 346 887 399 dextra

174 421 236 472 Non
246 415 365 470 linitum?
384 416 504 467 Leviora
518 413 610 464 ferent
620 412 689 464 haec
705 414 818 465 vulnera
829 432 919 483 quan·

649 489 715 545 tum,

177 557 205 608 Si
218 558 291 609 ferre
302 556 336 607 ad
346 568 441 605 manes
451 554 550 604 infixos
561 558 651 603 mente
662 553 774 604 daretur

177 627 336 694 Amplexus,
348 623 516 684 venerande,
527 627 598 672 tuos.
618 619 671 671 Sed
683 636 754 672 vana
764 624 902 676 recordor

114 698 166 748 425
179 698 226 759 Ni,
237 697 330 756 Mare,
342 696 417 755 (nam
428 694 515 759 primo
527 694 592 741 mne
603 688 783 741 haerebamus
794 691 823 741 in
835 698 920 759 aere)

177 767 304 816 Humana
315 765 403 813 maior
412 763 518 828 speeies
529 766 603 811 erat:
618 756 731 810 horrida
742 774 811 811 eane

175 836 287 887 Vertice
299 831 467 883 descendens
477 831 601 898 ingentia
612 828 684 879 cella
692 828 806 897 tegebat

176 904 331 963 Caesaries,
342 901 480 966 frontique
492 913 572 949 roma
581 898 723 963 squalente
733 898 853 951 sedebat

177 971 319 1022 'l'erribilis
330 969 429 1028 deror,
442 974 524 1034 utque
535 968 617 1017 animi
633 967 790 1019 venerabile
802 969 919 1036 pondus.

115 1042 167 1093 430
178 1040 222 1091 Nil
233 1036 349 1107 posthae
361 1035 446 1086 oeulis
457 1036 543 1086 simile
554 1036 657 1087 incidit.
677 1037 788 1103 Excipit
796 1038 863 1089 inde

176 1111 233 1160 lam
247 1109 356 1167 Marus,
373 1109 469 1172 atque,
485 1102 615 1155 inhibens
636 1106 789 1157 nouvellere
805 1106 918 1159 vulnera

670 1182 760 1236 aestu,

180 1247 266 1308 Quid,
278 1261 338 1297 cum
350 1244 507 1311 praeteritis
516 1244 603 1294 invisa
615 1190 774 1309 pedatibus,
784 1246 886 1313 inquit,

179 1316 307 1381 Hospitia
317 1320 346 1364 et
356 1313 436 1363 sedes
447 1312 602 1363 Poenorum
614 1314 726 1364 intravit
737 1312 875 1367 acerbasi

178 1385 258 1437 llilixi
270 1383 374 1449 clypei,
386 1396 549 1448 currusque,
558 1387 586 1432 et
597 1383 702 1449 spicula
712 1389 780 1434 neta

116 1455 167 1505 435
178 1453 294 1505 Aedibus
304 1454 332 1502 in
342 1453 447 1518 parvis,
457 1450 548 1518 magni
560 1458 734 1502 monumenta
747 1450 888 1521 triumphi,

178 1522 328 1574 l‘ulsabant
338 1520 448 1581 oeulos,
459 1521 612 1588 coniuxque
621 1522 650 1571 in
661 1521 751 1573 limine
763 1524 853 1589 primo

180 1592 332 1652 Clamabat,
340 1591 400 1651 Quo
412 1589 467 1640 fers
477 1589 605 1657 gressus!
618 1589 678 1641 Non
687 1590 859 1643 Punicushic
868 1594 914 1649 eti,

180 1660 295 1729 Regule,
307 1675 387 1727 quem
398 1659 501 1726 fugias,
512 1675 615 1710 career.
635 1661 759 1729 vestigia
770 1664 859 1713 nostri

180 1734 263 1783 Casta
273 1730 341 1791 tori,
353 1730 450 1779 dumus
462 1735 490 1779 et
499 1730 617 1795 patrium
632 1730 690 1779 sine
706 1732 819 1783 crimine
830 1732 914 1783 servat

118 1803 170 1851 440
182 1800 416 1851 inviolatalarem.
436 1796 526 1848 Semel
536 1796 590 1859 hie,
600 1800 753 1866 iterumque
766 1801 913 1921 (guidem,

180 1871 317 1921 Pollutum
328 1875 371 1920 est
382 1866 489 1931 nehiel)
501 1867 604 1934 prolem
614 1874 759 1935 ,gratante
793 1876 876 1922 enatu

181 1941 217 1990 Et
228 1941 331 2005 patrie,
344 1954 403 1988 sum
416 1938 496 1987 enixa
503 1936 560 1985 tibi.
591 1937 652 1986 Tua
662 1940 794 2005 (respice)
807 1940 885 1992 sedet

181 2011 259 2059 llaec
272 2014 327 2070 est,
339 2007 410 2058 unde
419 2007 515 2071 ingens
526 2003 645 2055 humeris
657 2006 825 2075 fulgentibus
836 2014 906 2061 ostro

184 2079 281 2129 Vidisti
292 2077 390 2126 {latios
401 2075 500 2124 Consul
513 2075 665 2140 precedere.
677 2075 782 2141 fascem

120 2148 170 2195 445
184 2147 260 2198 Unde
271 2148 311 2195 ire
321 2147 348 2194 in
359 2145 491 2203 Martem,
503 2159 556 2210 que
569 2151 650 2211 capta
664 2145 767 2197 referre
777 2147 892 2207 solebas,

180 2217 217 2266 lit
228 2217 316 2264 rietur
326 2228 432 2262 meeum
444 2213 610 2278 suspendere
622 2215 746 2280 pestibus
757 2223 843 2267 a'rmu.

181 2285 242 2334 Nun
253 2297 305 2348 ege
318 2281 474 2346 complexus
486 2287 514 2332 et
525 2289 637 2333 sanetae
648 2282 762 2335 foedera
772 2286 872 2337 taedae

182 2352 377 2417 Coniugiumve
388 2356 461 2416 peto.
489 2350 597 2402 Patrios
608 2352 737 2404 damnare
752 2354 871 2405 l‘enates

180 2422 286 2472 ,ibsiste
297 2456 305 2480 ‚
318 2434 350 2469 ae
361 2421 432 2470 natis
444 2418 485 2469 ias
497 2420 550 2469 due
563 2422 715 2473 concedere
726 2430 847 2475 noctem.

119 2492 170 2539 45⁰
183 2491 241 2539 Hes
253 2490 325 2537 inter
337 2488 415 2538 iletus
426 2489 534 2540 iunctus
546 2492 662 2557 vestigia
672 2491 773 2542 Poenis

173 2558 285 2611 Limine
298 2574 328 2611 se
340 2558 421 2610 elsreit
430 2560 534 2626 Tyria,
544 2567 709 2626 questusque
721 2562 839 2629 reliquit.

169 2629 295 2682 Vixdum
308 2632 389 2684 elata
400 2631 461 2683 dies
474 2628 764 2682 summalustranatin
771 2631 848 2678 ueta

153 2700 305 2758 Herculei
319 2699 603 2767 monumentarugl,
613 2694 792 2747 eumffllffil
799 2694 877 2741 ΚΜ
