1920 2962
141 148 192 200 300
335 145 362 194 C.
391 140 495 193 SlLll
523 139 690 192 l'rdhlol

81 268 131 319 285
143 267 231 318 Unum
242 262 425 330 naufragium,
437 273 594 327 mersasque
606 261 719 326 impune
729 258 862 326 profirndo

143 336 224 386 Clade
237 331 417 400 pharetrigeri
429 329 557 382 subnixas
567 330 642 396 regis
653 326 784 381 Athenas.

142 403 333 455 Flammabant
342 401 453 468 vulgum
463 400 548 467 geniti
559 396 728 468 carthagine
736 398 844 460 batres

145 473 232 525 Poeni
243 478 332 523 matre
342 486 442 538 genus3
453 469 501 520 sed
513 483 595 536 quos,
606 468 657 520 sub
669 469 785 519 crimine
794 468 875 536 prdem
899 532 902 537 Ι

146 544 219 594 Urbe
232 541 389 607 Syracosia,
401 539 515 605 Libycis
528 538 662 588 eduxerat
673 539 731 589 oris

87 613 136 662 200
149 613 307 663 Trinacrius
319 611 435 677 genitor,
446 609 606 676 geminaque
619 621 636 657 a
647 608 734 674 stirpe
745 612 875 674 parentum

145 684 227 732 Astus
237 679 390 730 miscebant
401 679 503 743 'l'yrios
513 677 625 727 levitate
639 674 751 727 Sicana.

148 752 225 812 Quae
237 763 351 801 cernens
363 748 470 808 ductor,
483 752 629 813 postquam
639 745 838 797 immedicabile
845 743 874 791 ri·

623 830 684 867 sum

151 885 265 947 Seditio,
276 893 357 953 atque
369 886 440 936 ultro
453 885 554 936 bellum
564 885 697 953 surgebat
708 885 743 935 ab
756 882 840 945 besto,

151 957 282 1006 Testatus
293 955 379 1006 Divos
390 953 553 1016 Siculorum,
564 968 723 1021 amnesque,
732 954 862 1020 lacusque,

91 1024 140 1076 295
152 1025 189 1075 lit
199 1023 300 1086 fontes,
310 1022 453 1086 Arethusa,
466 1030 537 1085 tuos,
550 1023 585 1074 ad
595 1023 667 1074 bella
678 1024 776 1075 vocari

151 1093 282 1156 lnvitum3
295 1093 358 1160 quia
368 1099 465 1159 sponte
477 1092 522 1143 diu
533 1108 588 1143 non
599 1094 738 1155 sumserit,
749 1090 850 1143 bostem

152 1164 267 1214 lnduere
279 1177 355 1213 arma
365 1163 429 1227 sibi3
442 1162 560 1227 telorum
572 1162 681 1213 turbine
691 1168 772 1213 vasto

152 1233 315 1300 .lggreditur
324 1247 426 1294 muros,
438 1240 520 1299 atque
532 1233 613 1283 armis
624 1234 735 1283 intonat
745 1231 812 1283 urbi.

151 1301 206 1351 Par
216 1316 310 1351 omnes
323 1302 402 1351 simul
411 1303 454 1353 ira
463 1302 550 1367 rapit3
562 1306 735 1369 certantque,
746 1305 875 1367 ruuntque.

90 1371 140 1420 300
153 1370 258 1430 Turris,
269 1369 413 1435 multiplici
423 1384 538 1436 surgens
552 1370 587 1421 ad
597 1370 690 1422 sidera
698 1376 786 1433 tecto,

150 1437 260 1499 Exibat,
272 1437 396 1488 tabulata
406 1437 502 1489 decem
513 1440 558 1489 oui
570 1454 698 1491 cresccre
710 1440 809 1492 Graius

150 1508 284 1569 Fecerat,
304 1512 332 1558 et
347 1507 446 1559 multas
460 1522 603 1560 nemorum
626 1514 816 1561 consumserat
830 1520 868 1557 um

629 1579 702 1629 bras.

150 1647 289 1695 Armatam
301 1643 363 1696 binc
374 1647 431 1715 igni
443 1648 534 1713 pinum
546 1653 574 1697 et
585 1647 731 1700 devolvere
742 1663 809 1700 saxa

151 1715 308 1779 Certabant,
321 1716 479 1784 calidaeque
488 1717 556 1782 picis
568 1715 722 1769 diffundere
733 1724 841 1785 pestem.

91 1784 140 1834 305
153 1785 224 1836 Huic
235 1787 330 1852 procul
343 1786 485 1836 ardentem
495 1785 630 1837 iaculatus
642 1786 773 1855 lampada
785 1784 878 1838 cinno

152 1856 275 1918 Coniicit,
287 1862 315 1907 et
325 1856 405 1907 lateri
415 1856 498 1907 telum
509 1855 646 1906 exitiabile
657 1857 726 1924 figit.

151 1923 278 1974 Pascitur
290 1924 383 1976 adiuta
398 1926 534 1976 Vulcanus
547 1925 656 1976 turbine
667 1928 753 1989 venti,

153 1992 373 2060 Gliscentemque
384 1992 496 2046 trahens
508 1995 590 2045 terrris
602 2009 652 2060 per
669 1997 778 2047 viscera
792 1993 879 2045 labem,

151 2061 258 2126 Perque
270 2061 353 2112 altam
363 2063 462 2114 molem
475 2070 503 2115 et
514 2064 597 2115 toties
608 2066 764 2116 crescentia
774 2070 851 2121 tecta,

91 2129 141 2179 310
153 2127 267 2180 Scandit
280 2147 373 2196 orans,
384 2133 539 2200 rapidisque
550 2139 630 2184 vorat
641 2135 806 2200 crepitantia
815 2130 879 2181 ilam-

625 2219 676 2255 nus

150 2267 270 2329 Robora,
283 2280 319 2329 et,
330 2271 432 2336 ingenti
444 2273 522 2322 simul
534 2273 689 2324 exundante
700 2289 736 2323 va
757 2288 805 2323 ore

151 2338 191 2388 ,ld
204 2337 319 2400 coelum,
332 2339 421 2389 victor
431 2341 547 2392 nitentia
557 2343 675 2393 culmina
684 2288 791 2392 lambit.

153 2407 299 2473 Implentur
310 2408 394 2470 fumo,
407 2416 435 2460 et
446 2409 545 2461 nebula
557 2412 678 2479 caliginis
691 2417 771 2462 atrae

151 2475 221 2535 (Nec
232 2479 357 2544 cuiquam
368 2481 487 2530 evasisse
498 2480 590 2544 datur)
602 2496 653 2532 ceu
663 2480 785 2531 fulminis
795 2481 849 2529 ictu

87 2541 140 2594 315
153 2545 303 2612 correptae
314 2548 409 2616 rapido
423 2551 452 2600 in
462 2550 567 2601 cineres
579 2551 671 2601 abiere
681 2552 788 2602 ruinae.

142 2615 204 2669 Par
215 2624 317 2672 contra
326 2620 431 2691 pelago
442 2620 551 2671 miseris
557 2618 673 2669 lortuna
680 2621 796 2666 candias

135 2688 276 2763 Namque
289 2693 338 2746 ubi
354 2708 385 2745 se
396 2693 519 2760 propius
526 2689 614 2738 tertis
620 2686 738 2745 urbisque
744 2683 849 2731 tubere,
