1920 2962
214 156 468 212 PUNIGORUM
488 159 570 215 Lm.
588 162 649 216 xil.
763 163 815 218 253

75 280 209 334 Verterat
220 284 248 329 et
259 284 378 329 mentem
388 279 476 344 Tyria
487 280 522 331 ad
535 288 635 333 conata
645 284 792 348 Tarentus,

74 348 222 416 Portisque
237 349 372 399 intrarant
388 348 483 400 Poeni.
517 347 572 400 Sed
593 352 664 403 enim
684 369 748 407 aree
769 368 815 407 co·

554 434 643 482 rusca,
823 423 876 475 435

76 488 144 540 Fisa
153 487 225 548 loco,
235 499 331 537 manus
342 487 478 537 Ausoniae
488 488 592 554 stipata
603 489 725 541 sedebat.

77 555 398 618 llic,mirandamovens,
410 556 534 619 classem,
542 572 612 624 quae
620 559 816 626 conditaportu

76 625 221 687 Adstabat,
233 625 361 692 (namque
373 627 495 693 angustis
507 641 522 676 e
533 625 659 679 saucibus
671 643 775 696 aequor

76 696 207 761 Erumpit
216 694 344 759 scopulos
355 695 437 756 inter,
447 695 597 763 patuloque
606 712 718 749 recessu

75 763 200 815 infundit
213 764 316 830 campis
326 769 462 814 secretum
474 766 583 832 gurgite
594 771 731 833 pontum.)
827 768 879 818 440

75 833 200 886 Inclusas
210 833 303 900 igitur,
315 832 411 900 quibus
422 830 495 882 haud
506 849 589 885 enare
602 835 727 896 dabatur,

75 905 148 954 Arce
160 903 342 969 superposita,
354 901 479 952 claustris
490 904 572 953 maris
583 905 681 955 extulit
692 911 762 966 astu,

76 972 186 1038 Perque
199 985 296 1022 averse
306 970 368 1021 tulit
379 977 504 1039 portatas
515 987 582 1023 arva
592 976 708 1024 carinas.

75 1041 201 1093 Lubrica
211 1040 335 1091 roboreis
347 1040 462 1091 aderant
472 1040 655 1094 substramina
665 1044 803 1110 plaustris,

74 1113 175 1178 Atque,
186 1124 283 1160 recens
295 1110 368 1160 caesi
379 1115 458 1176 tergo
469 1111 598 1177 prolapsa
606 1114 723 1174 iuvenci,
827 1112 879 1164 445

74 1183 251 1246 Aequoream
261 1183 326 1227 rota
336 1177 455 1227 ducebat
465 1193 513 1244 per
525 1182 649 1246 gramina
659 1182 780 1246 puppim.

74 1250 189 1308 Etiam,
202 1260 251 1312 per
261 1244 345 1297 colles
356 1244 505 1314 dumosque
516 1247 551 1297 ad
562 1248 626 1300 litua
637 1249 745 1312 adacta,

72 1317 195 1372 lnnabnt
207 1315 306 1382 pelago
317 1316 428 1366 veniens
439 1317 496 1369 sina
507 1318 609 1386 remige
621 1319 724 1371 classis.

73 1387 194 1441 Nuntius
204 1387 310 1435 interes
320 1386 406 1436 vectis
417 1396 471 1436 non
482 1401 559 1437 more
570 1390 670 1440 carinis

75 1460 241 1509 Torrentem
253 1453 324 1506 freta
337 1470 463 1505 curarum
475 1455 628 1508 fervoribus
639 1458 742 1525 implet.
828 1457 880 1509 450

74 1527 151 1580 Dum
162 1525 258 1592 procul
269 1524 398 1575 Oebalios
410 1531 483 1577 amet
494 1540 652 1594 expugnare
663 1535 786 1594 nepotes,

76 1598 116 1649 Et
126 1596 228 1663 primus
240 1595 337 1644 rostris
348 1593 436 1644 sulcet
446 1594 587 1646 navalibus
599 1611 673 1657 arra,

76 1669 208 1717 Assessos
219 1664 329 1728 Capuae
339 1678 441 1724 muros,
454 1663 574 1714 claustro
583 1667 645 1730 ipsa
654 1666 748 1715 revelli

76 1735 234 1794 Portarum,
247 1747 280 1782 ac
290 1738 379 1783 totum
389 1733 495 1782 miseris
505 1733 646 1783 incurrere
656 1733 765 1784 bellum.

76 1803 192 1871 Linquit
203 1807 305 1867 coepta
315 1800 404 1863 ferox,
414 1815 571 1868 pennasque
583 1801 700 1852 addente
711 1801 816 1867 pudore
828 1804 880 1853 455

75 1877 166 1940 Atque
176 1873 219 1922 ira
229 1871 309 1922 simul
318 1871 438 1932 immani,
450 1885 499 1936 per
510 1871 637 1937 proxima
646 1877 723 1920 motu

76 1941 189 2007 Evolat,
199 1955 229 1994 et
240 1943 368 1992 minitans
381 1940 461 1991 asida
472 1939 506 1990 ad
518 1941 669 1991 certamina
679 1939 774 1991 fertur.

78 2012 163 2067 Haud
174 2028 262 2074 secus,
274 2013 374 2062 amisso
385 2012 463 2078 tigris
475 2010 498 2061 si
511 2012 620 2061 concita
630 2009 687 2060 fetu

78 2084 198 2146 Emicat,
209 2082 344 2133 attonitae
355 2081 450 2146 paucis
459 2080 593 2131 lustratur
601 2082 628 2130 in
639 2078 715 2131 boris

79 2157 229 2214 Caucasus,
241 2156 269 2202 et
279 2149 352 2201 saltu
363 2151 526 2201 tramittitur
536 2149 601 2200 alite
614 2149 739 2217 Gangem
828 2148 880 2198 460

77 2224 179 2277 Donec
190 2220 319 2272 fulminco
331 2225 426 2286 partus
435 2220 553 2287 vestigia
564 2233 645 2271 cursu

80 2293 209 2361 Colligat,
221 2295 249 2341 et
260 2288 363 2340 rabiem
376 2304 474 2356 prenso
486 2295 631 2341 consumat
639 2291 668 2341 in
678 2289 766 2341 hoste.

78 2363 184 2415 Obvius
195 2358 260 2411 huic
270 2373 366 2425 sparso
379 2359 525 2410 Centenius
536 2362 643 2428 agmine
655 2361 754 2427 raptim

78 2431 223 2492 Funditur,
235 2428 352 2480 audendi
363 2443 471 2495 pravus,
483 2427 625 2495 facilisque
637 2429 754 2496 periclis.

79 2500 136 2554 Sed
147 2515 260 2567 parrum
272 2498 355 2549 decus
366 2497 521 2549 Hannibali.
550 2497 629 2560 Nam,
642 2499 704 2549 ritis
715 2496 820 2549 honore
831 2494 882 2546 465

79 2569 246 2623 Perfunctus
256 2567 364 2630 Latiae,
376 2568 466 2618 subito
479 2565 639 2619 stimularat
648 2573 793 2635 agrestes,

78 2639 302 2708 Semermemque
331 2654 445 2693 manum
473 2637 662 2693 sternendam
688 2632 847 2687 obiecerat

204 2717 207 2722 '
577 2709 675 2762 boati.
