1920 2962
158 156 209 208 108
361 156 390 205 C.
420 152 525 207 SlLll
554 154 724 208 lunhlcl
758 110 761 115 ι

158 277 251 328 Utitur
262 274 297 326 ad
307 273 417 326 laudem
428 283 504 338 casu,
515 277 709 344 geminumque
723 278 812 330 citato

159 346 273 398 Vicinus
284 343 371 395 fronti
380 344 470 395 lumen
481 346 690 397 transverberat
700 362 777 398 ense.
813 368 829 395 κ

158 414 345 467 Exstimulata
354 415 432 483 gravi
442 429 503 466 sese
514 413 576 465 iera
584 415 659 467 tollit
668 415 707 468 ad
717 432 804 469 auras

98 486 149 540 595
160 486 291 548 Vulnere,
303 491 332 536 et
343 486 443 536 erectis
453 498 600 537 excussam
612 485 740 538 cruribus
750 487 808 540 alte

159 557 236 608 Pone
246 556 315 607 iacit
323 553 435 606 volvens
446 552 550 606 reflexo
562 554 687 622 pondere
696 558 806 609 turrim

158 629 242 677 mma
252 625 357 692 virique
368 624 448 676 simul
457 624 629 693 spoliataque
640 625 725 677 belua
735 627 799 679 visu

159 695 326 747 Sternuntur
336 694 427 746 subita
437 695 646 760 (miserandum)
657 697 749 747 mixta
758 699 843 749 ruine.

161 765 261 834 Spargi
271 762 421 833 flagrantes
432 769 530 816 contra
539 764 671 816 bellantia
681 772 809 818 monstra

97 835 149 887 000
160 836 317 887 Dardanius
328 835 425 886 taedas
438 836 528 886 victor
536 835 622 898 iubet,
634 840 664 887 et
673 833 746 889 iacis
759 843 843 897 atrae,

159 907 236 968 Quos
241 904 302 957 iera
308 903 475 968 circumfert,
487 905 619 971 compleri
629 904 735 958 sulfure
743 922 841 959 muros.

158 973 217 1026 Nec
226 975 303 1025 iusso
314 988 405 1025 mora:
418 973 543 1027 collectis
552 974 687 1027 fumantia
695 975 794 1028 lucent

158 1044 253 1112 Terga
263 1041 472 1110 elephantorum
488 1042 617 1110 flammis3
634 1050 788 1115 pastusque
802 1058 856 1099 sons

157 1115 232 1188 Ignis
243 1113 314 1165 edax
323 1117 405 1165 vento
417 1129 467 1182 per
478 1115 687 1184 propugnacula
698 1115 798 1168 femur.

96 1190 147 1242 005
157 1189 221 1241 Non
231 1184 320 1251 aliter,
329 1184 419 1239 Biudo
430 1183 599 1252 Rhodopeue
608 1186 739 1237 incendia
748 1190 838 1255 pastor

158 1261 226 1311 Cum
235 1259 311 1319 iacit,
322 1266 351 1307 et
362 1256 436 1307 silvis
448 1256 585 1322 spatiatur
594 1254 703 1308 fervida
712 1258 807 1325 pestis,

156 1327 294 1382 Frondosi
305 1328 451 1394 ignescunt
461 1324 583 1392 scopuli;
594 1324 742 1395 subitoque
752 1341 803 1395 per
811 1326 856 1379 altr

158 1397 282 1450 collucet
290 1397 356 1462 iuga
368 1394 515 1446 dissultans
528 1395 676 1448 Vulcanius
688 1396 782 1450 ardor.

156 1469 182 1519 lt
192 1466 253 1518 fero
265 1465 394 1517 condenti
404 1470 529 1517 torrente
538 1464 670 1517 bitumine
682 1481 787 1535 corpus

96 1539 148 1591 010
160 1540 268 1600 Amans,
281 1541 310 1587 et
320 1535 384 1587 laxo
397 1534 503 1586 diducit
512 1535 599 1588 limite
610 1541 725 1588 turmas.

158 1607 217 1660 Nec
228 1607 356 1674 cuiquam
366 1606 453 1657 virtus
463 1606 594 1673 propiora
604 1620 752 1673 capessere
763 1605 841 1658 bellas

157 1677 328 1746 Longinquis
340 1675 443 1727 audent
451 1675 558 1738 iaculis,
567 1681 596 1728 et
607 1676 821 1728 arundinisictu.

157 1750 252 1801 Uritur
261 1748 416 1815 impatiens,
428 1751 457 1797 et
467 1747 560 1815 magni
572 1747 697 1813 corporis
709 1752 789 1799 aestu

157 1821 313 1887 Hucatque
326 1816 379 1869 huc
390 1819 478 1869 iactas
489 1815 617 1867 accendit
625 1815 709 1868 belua
718 1815 848 1869 flammam

97 1888 148 1940 tto
159 1890 257 1941 Donec
267 1890 349 1939 vicini
361 1887 472 1938 tandem
484 1902 514 1937 sc
524 1885 643 1938 fluminis
652 1886 734 1938 undis
785 1880 790 1893 '

156 1958 342 2022 Praecipitem
353 1956 437 2018 dedit,
450 1961 486 2018 ot,
496 1957 573 2008 tenui
583 1955 702 2023 decepto
710 1956 816 2026 liquore

156 2026 315 2093 stagnantis
327 2026 468 2092 perplana
478 2026 550 2089 vadi,
562 2026 626 2076 tulit
635 2026 723 2078 incita
731 2026 820 2096 longis

155 2097 318 2146 Exstantem
330 2095 396 2162 ripis
407 2093 553 2158 flammam,
564 2101 623 2146 tum
633 2096 753 2166 denique
764 2110 823 2149 sese

157 2164 280 2231 Gurgitis
290 2165 423 2216 immersit
434 2165 535 2217 molem
547 2167 673 2233 capiente
685 2166 829 2234 protunda.

94 2236 146 2287 020
156 2235 191 2284 llt
202 2248 256 2301 qua
267 2249 359 2300 pugna
370 2234 459 2297 datur,
471 2236 588 2287 necdum
599 2236 744 2288 Maurusia
754 2237 835 2303 pestis¹

155 2305 166 2355 l
206 2318 220 2354 e
232 2302 313 2364 calet,
325 2303 483 2355 circumfusi
493 2304 629 2357 Rhoeteia
640 2306 727 2372 pubes

155 2320 235 2426 §sne
245 2371 349 2436 iaculis,
362 2387 434 2423 nunc
444 2379 472 2424 et
482 2376 570 2438 saxis,
580 2391 652 2426 nunc
665 2376 731 2429 alite
743 2375 848 2445 plumbo

154 2445 268 2495 Eminus
278 2444 426 2495 incessunt.
463 2444 500 2494 Ut
511 2447 558 2512 qui
567 2445 682 2498 castella
693 2458 746 2514 per
756 2448 826 2499 altos

155 2515 304 2584 oppugnat
314 2512 514 2576 munitalooos‚
527 2519 556 2566 at
574 2530 609 2567 ue
622 2516 727 2569 assidet
737 2532 823 2570 arces.

81 2583 138 2637 625
146 2585 241 2639 Ausus
252 2584 339 2658 digna
351 2586 423 2651 riso,
434 2582 551 2636 fortuna
574 2586 783 2652 ‘gnasecundm

134 2658 300 2714 Extulerat
318 2659 462 2714 dextram
481 2662 569 2723 atque
590 2652 856 2769 amfffimmw
