1920 2962
205 152 255 205 352
406 151 435 200 C.
465 147 568 201 SlLll
597 146 767 199 lTALlCl

206 274 267 335 Qui,
280 276 435 339 postquam,
446 269 546 320 arrecti
557 266 657 335 plantis
667 272 696 318 et
710 274 830 334 pectora
840 272 924 336 proni,

144 346 195 397 48⁰
206 342 405 407 Pulsantesque
418 344 497 389 cestu
507 337 617 388 laudum
628 336 798 389 exsultantia
809 338 904 402 corda,

205 415 344 478 Accepere
355 409 422 459 tuba
432 409 559 474 spatium,
570 405 707 458 exsiluere
716 421 769 473 per
780 422 864 461 auras

208 482 292 532 Ocius
304 478 396 531 effusis
407 491 491 528 nervo
503 475 666 528 exturbante
677 477 797 543 sagittis.

208 551 324 601 Diversa
334 554 362 598 et
372 547 464 599 studia
473 552 501 597 et
513 545 625 607 clausor,
637 545 816 613 pendentque
827 546 937 600 favente

207 617 359 687 Unguibus3
372 623 453 684 atque
464 631 538 678 suos,
549 620 580 665 ut
591 615 690 681 mique
698 620 742 667 est
747 618 851 684 gratia,
862 614 937 669 anheli

146 690 198 741 485
211 688 327 739 Nomine
345 701 479 753 quemque
497 687 578 738 cient.
608 682 815 804 Grexfinclitus
832 699 937 754 aequore

694 760 782 816 emt,

206 826 340 893 Nullaque
350 826 478 876 tramissa
488 825 604 890 vestigia
614 824 705 890 signat
716 838 812 876 arena.

206 898 308 947 Omnes
320 896 460 961 primaevi,
473 892 656 960 flaventisque
667 907 718 943 ora
728 892 837 959 decori,

205 966 306 1016 Omnes
317 965 357 1014 ire
368 964 451 1026 leves,
464 969 547 1030 atque
559 977 653 1014 omnes
662 963 775 1015 vincere
786 964 871 1034 digni.

206 1033 320 1096 Extulit,
331 1034 491 1085 incumbens
502 1033 592 1083 medio
604 1033 660 1083 iam
670 1031 767 1095 nnete,
779 1049 899 1102 gressum

146 1103 197 1154 4⁹0
208 1106 347 1170 Eurytus,
358 1109 386 1154 et
398 1105 500 1169 primus
511 1103 653 1164 brevibus,
666 1101 715 1152 sed
726 1105 846 1169 primus,
858 1102 935 1156 abibat

206 1172 379 1224 Praecedens
390 1174 495 1239 spatiis.
524 1173 612 1223 lnstat
621 1187 676 1222 nnn
687 1174 800 1239 segnius
811 1189 875 1225 acer

206 1244 357 1309 Hesperos,
369 1257 402 1293 ac
413 1243 502 1307 prima
512 1242 621 1309 stringit
632 1241 750 1308 vestigia
761 1242 858 1309 planta

205 1312 374 1378 Progressae
387 1310 478 1361 calcis.
510 1308 584 1362 Satis
596 1316 639 1362 est
650 1308 713 1361 hurle
724 1325 787 1364 osse
798 1314 891 1380 priori3

205 1380 277 1430 Huic
288 1393 400 1444 sperare
410 1385 454 1429 sat
465 1384 516 1441 est,
528 1379 588 1430 fieri
599 1395 629 1431 se
643 1395 725 1447 posse
737 1383 867 1447 priorem.

144 1449 195 1500 495
205 1449 301 1500 Acrius
310 1447 364 1499 hoc
376 1448 492 1501 tendunt
501 1464 621 1518 gressus,
634 1451 772 1518 animique
782 1453 876 1521 uigore

205 1521 329 1585 Corpora
339 1524 431 1586 agunt.
447 1521 536 1587 Auget
547 1521 639 1586 pneris
650 1519 729 1570 labor
739 1521 800 1587 ipse
813 1523 925 1574 decorem

205 1589 288 1651 Ecce,
300 1588 352 1639 levi
365 1590 425 1639 nisu
435 1595 631 1657 postremoque
643 1591 751 1657 agmine
763 1607 882 1654 currens,

205 1659 355 1727 Postquam
367 1665 411 1709 sat
421 1661 494 1711 visus
505 1660 557 1711 sibi
568 1661 729 1725 concepisse
741 1662 854 1728 rigoris,

205 1730 299 1780 Celsus
309 1727 486 1780 inexhaustas
497 1728 612 1779 effundit
622 1729 732 1780 turbiue
743 1731 816 1782 vires

143 1798 194 1847 sod
205 1798 266 1849 Non
278 1805 449 1864 exspectato,
461 1799 619 1866 subitusque
631 1800 760 1865 erumpit,
773 1806 802 1851 et
815 1815 891 1851 auras

204 1866 514 1919 Prnoeehitu1·Theron.
538 1868 640 1919 Credas
652 1869 797 1932 Cyllenida
811 1870 904 1936 planto

202 1935 338 1986 Aethereo
350 1939 426 1987 nexis
438 1954 518 1988 cursu
530 1938 662 1989 talaribus
673 1939 722 1988 ire.

203 2006 313 2071 lamque
325 2003 389 2067 lios,
400 2007 509 2073 iensque
521 2007 597 2069 illos,
608 2008 710 2074 populo
722 2010 855 2071 mirante,
866 2007 896 2059 re‘

698 2078 751 2127 uit:

202 2143 247 2201 Et,
260 2143 343 2194 niodo
356 2150 519 2208 postremus,
532 2162 603 2197 nunc
616 2095 710 2197 ordige
722 2150 809 2199 tertia
820 2149 886 2215 palm

142 2211 192 2264 505
203 2212 348 2277 llesperon
359 2211 472 2263 infestat
482 2231 533 2265 sua
544 2231 594 2282 per
604 2218 720 2283 vestigia
732 2232 866 2283 pressum.

201 2281 259 2332 Nec
270 2283 323 2331 iam
332 2286 662 2349 quemsequiturtantum,
674 2286 877 2353 sedprimacor·

203 2349 271 2418 Spes
283 2351 402 2417 trepidat
413 2354 496 2403 tantis
508 2356 679 2406 venientibus
692 2356 818 2421 Eurytus
829 2358 873 2408 alis

202 2421 322 2482 llrrsirtus
334 2429 409 2473 sorte
420 2422 483 2483 leci,
494 2424 552 2484 sed,
564 2427 585 2474 si
598 2431 655 2476 tres
668 2425 765 2476 ordine
776 2442 868 2479 server

193 2492 329 2562 lnceptos
342 2510 450 2557 cursus,
458 2493 643 2561 nequidquam
651 2509 724 2542 uuna
732 2495 863 2549 laiboraus

120 2562 179 2616 510
193 2567 357 2620 Tartessos
367 2567 490 2620 fratrem
501 2564 596 2615 medio
605 2560 738 2610 'lncrunc
747 2565 859 2622 promen

124 2684 129 2692 .
182 2639 251 2694 Nee
265 2641 385 2710 patiens
396 2639 479 2691 ultra
488 2634 567 2687 tollit
577 2644 643 2682 sese
652 2623 856 2688 acquune'llxe

177 2716 310 2787 lgneus,
326 2720 363 2767 et
374 2713 501 2783 plenum
515 2691 852 2773 prustarsoiamcspsu
