1920 2962
114 198 164 249 338
314 197 343 247 C.
372 192 474 246 SlLll
501 192 667 246 tuamet

117 315 171 367 Sed
182 317 270 382 vigor,
283 313 430 365 hausturus
441 313 561 374 Latium,
574 313 596 362 si
609 318 704 363 cetera
716 313 796 364 Marti

115 384 279 435 Adiumenta
289 382 389 444 forent,
401 396 485 448 prava
496 381 673 433 obtrectante
685 397 794 433 suorum

116 454 220 504 invidia
232 466 363 503 revocare
375 453 488 511 animos,
499 465 532 500 ac
545 457 620 502 stare
632 460 735 518 negata

120 522 275 590 Cogebatur
286 535 347 586 ope,
358 527 388 570 et
399 521 474 569 senio
486 527 646 585 torpescere
656 534 757 571 rerum.
803 578 806 583 ,

77 591 110 641 15
123 593 207 642 Parta
216 596 308 640 tamen
318 587 436 640 formido
447 602 528 639 mauu
534 624 541 650 ,
557 593 586 638 et
595 594 641 639 tot
651 589 781 641 mombar
790 587 841 639 oliu

121 660 265 721 Quaesitus
276 666 373 719 terror,
384 657 458 707 reiut
467 656 624 709 inviolabile
634 656 699 708 telis

120 728 272 779 Semabant
281 739 443 793 sacrumque
455 731 549 793 caput:
560 740 667 794 proque
679 726 799 779 omnibus
808 738 840 775 sr-

592 809 652 860 mss,

123 868 157 917 Et
168 871 321 916 castrorum
333 864 438 930 opibus,
450 862 607 929 dextrisque
613 865 840 916 recentibusunum

125 934 282 986 Hannibalis
294 939 337 984 sat
348 948 446 984 nomen
459 937 527 983 erat.
555 933 612 983 Tot
623 933 736 985 dissona
745 933 824 1000 lingua

80 1009 112 1056 2⁰
123 1004 244 1072 Agmina,
255 1003 400 1053 barbarico
412 1008 455 1052 tot
465 1001 652 1052 discordantia
661 1005 717 1053 ritu

124 1072 214 1124 Corda
224 1072 310 1121 virum
322 1085 447 1121 mansere
458 1071 554 1138 gradu,
565 1069 703 1139 rebusque
713 1071 804 1122 retusis

123 1140 206 1194 Fidias
217 1141 339 1191 ductoris
351 1141 439 1191 tenuit
448 1141 602 1190 reverentia
612 1147 729 1192 mentes.

123 1210 182 1263 Nec
192 1225 258 1261 vero
268 1211 388 1261 Ausonia
398 1215 504 1259 tantum
516 1223 545 1259 se
555 1208 644 1260 laetus
693 1210 758 1261 ebat

123 1279 287 1330 Dardanidis
298 1279 422 1329 Mavors:
434 1279 488 1328 iam
498 1284 573 1329 terra
584 1278 658 1329 cedit
699 1278 773 1330 ibera

80 1348 112 1397 25
123 1345 254 1398 Auriferis
264 1346 373 1396 tandem
385 1344 509 1397 Phoenix
521 1346 650 1413 depulsus
661 1348 698 1399 ab
711 1349 785 1399 aruis.

122 1416 180 1466 lam
187 1415 280 1481 Mago,
293 1421 391 1466 exutus
402 1416 508 1478 castris,
521 1417 642 1484 agitante
653 1431 756 1484 pavore

122 1485 153 1536 ln
163 1482 281 1549 Libyam
293 1498 411 1551 propero
422 1486 541 1537 tramisit
552 1486 664 1538 caemrla
673 1487 744 1538 velo.

123 1553 196 1604 Ecce
209 1552 280 1603 aliud
292 1553 384 1616 decus,
395 1551 467 1604 haud
478 1570 533 1605 uno
545 1561 677 1608 contenta
687 1555 785 1617 farore,

123 1621 251 1674 Nutribat
261 1623 384 1673 Fortuna
394 1622 463 1673 duci.
492 1621 562 1674 Nam
573 1626 700 1676 concitus
711 1625 816 1675 Hannon

80 1693 113 1744 30
124 1692 303 1754 Adventabat,
315 1707 398 1760 agens
409 1692 606 1758 crepitantibus
618 1696 729 1761 agmina
739 1691 825 1744 caetris

123 1763 256 1824 Barbara,
267 1767 295 1811 et
304 1761 445 1829 indigenas
457 1776 533 1812 serus
544 1762 676 1829 raptabat
685 1763 807 1813 Hiberos.

124 1831 185 1883 Non
197 1847 249 1894 ars,
262 1837 309 1881 aut
321 1837 396 1882 astus
405 1830 478 1893 balii,
489 1830 531 1880 vel
543 1830 658 1882 dextera
669 1831 773 1894 deerat,

123 1900 215 1952 Sinon
227 1898 370 1966 Scipiadae
382 1906 564 1950 concurreret.
594 1900 694 1952 Omnia
705 1901 799 1951 ductor

123 1971 224 2036 Magna
234 1967 304 2018 adeo
314 1969 448 2020 Ausonius
459 1969 556 2019 maiori
565 1969 638 2020 mole
650 1969 798 2036 premebat.

81 2038 113 2087 35
125 2039 160 2089 Ut
169 2034 281 2087 Phoebe
292 2037 394 2100 stellas,
404 2045 435 2088 ut
445 2037 537 2088 fratris
548 2037 651 2088 lumina
662 2037 790 2089 Phoeben

122 2107 303 2171 Exsuperant,
314 2112 474 2174 montesque
486 2107 567 2169 Atlas,
578 2113 606 2156 et
615 2105 729 2158 flumina
739 2106 815 2165 Nilus,

123 2176 158 2226 Ut
170 2180 250 2240 pater·
262 2175 388 2226 Oceanus
398 2173 658 2242 Neptunia'caerula
668 2178 762 2228 vincit.

122 2243 275 2297 Vallantem
287 2249 378 2294 castra
388 2244 517 2307 (obscuro
528 2260 590 2296 nam
601 2261 702 2312 vesper
713 2246 821 2312 olympo

121 2313 246 2365 Fundere
267 2327 321 2362 uon
342 2328 456 2380 aequam
475 2315 624 2381 trepidanti
649 2322 781 2382 coeperat
798 2324 842 2362 au·

595 2385 673 2435 bram

77 2450 110 2497 to
123 2450 286 2516 Aggreditur
296 2451 392 2502 Latius
403 2458 504 2513 rector,
517 2453 661 2521 subitoque
673 2386 789 2504 {umultu

119 2518 279 2574 Caeduntur
289 2522 391 2591 passim
400 2521 492 2588 coepti
499 2523 647 2572 munimina
656 2523 722 2573 valli

110 2590 299 2660 Imperfecta.
328 2588 795 2663 Supercontcxerehaubidaxauscs

103 2664 266 2733 Pandam,
286 2669 358 2720 etin
368 2661 477 2717 cunuti
484 2658 628 2712 concessit
635 2652 854 2717 amputationum

98 2740 160 2797 Vix
175 2741 229 2795 uni
240 2755 331 2796 mens
344 2738 442 2807 digna
447 2727 651 2793 sirmnctisse
657 2722 786 2768 minares
819 2804 825 2811 ἢ
