1920 2962
75 153 327 207 PUNICORUM
353 152 435 207 LIB.
458 155 532 209 xlv.
629 159 680 211 3⁰5
702 216 703 220 ,

53 280 84 324 rt:
95 289 146 325 nec
157 275 315 342 pervigilem
324 283 355 324 tu
366 272 460 324 fellere
472 276 584 339 vultum,

55 361 71 393 ο
84 345 205 411 quamvis
218 358 308 406 cursu,
320 345 471 408 Cynosura,
482 345 597 398 valeres.

53 419 147 480 tqnanr
157 412 277 465 adversis
290 413 378 464 nullus
397 413 507 474 modus,
523 415 624 481 Accipe
634 432 681 468 no-

419 488 515 544 strum,

53 567 98 613 an,
121 552 294 618 sangninem,
310 552 362 612 ait,
377 557 519 617 spectator
535 552 621 604 cladis
635 554 684 604 ini·

441 635 502 671 nae.

68 694 131 740 aeto
145 690 173 739 in
189 694 285 755 pectus
297 688 403 756 gladio,
423 637 523 740 :lextra
533 689 595 742 inde
607 706 684 742 cruo-

421 774 478 809 rem
693 758 744 810 eto

54 847 65 890 :‚
78 834 105 878 et
115 828 190 894 large
202 841 282 877 sacra
293 828 365 877 inter
375 843 479 878 cornua
487 826 585 878 fundit.

54 904 90 948 ter
101 895 234 963 Daphnis,
247 895 393 947 deductum
405 897 438 948 ab
451 898 556 964 origine
568 912 666 947 nornen

54 983 72 1029 ι,
85 966 135 1017 fuit
144 964 247 1028 infelix,
258 967 301 1016 cui
311 965 432 1034 linquere
443 967 538 1027 saltus,

55 1051 101 1087 are
114 1050 192 1087 casas
202 1034 287 1086 inlido
301 1050 437 1087 marmore
449 1037 543 1087 risum.

55 1121 120 1171 ceps
131 1105 239 1171 generis
251 1110 352 1171 quanto
364 1107 470 1156 maiora
479 1105 587 1170 pararit
695 1103 746 1153 465

55 1181 175 1224 astarem
185 1172 237 1223 sibi
246 1174 365 1224 nomina.
395 1171 524 1238 Daphnin
535 1178 661 1223 amarunt

54 1257 81 1292 es
93 1242 199 1291 Musae.
226 1241 332 1292 Dexter
343 1241 454 1293 donavit
465 1256 552 1294 avena

54 1328 76 1362 rs
89 1310 217 1372 Castalia,
229 1317 257 1361 et
266 1312 354 1374 iussit,
367 1313 506 1379 proiectus
516 1313 543 1361 in
557 1308 643 1362 herba

54 1381 95 1433 nlo
107 1386 226 1443 caneret,
237 1381 325 1434 laetos
336 1397 385 1448 per
396 1388 476 1449 prata
487 1397 537 1449 per
548 1397 614 1433 arva

54 1451 126 1503 ›hnin
136 1466 284 1518 properare
296 1467 403 1520 greges,
415 1454 543 1519 rivosque
554 1452 641 1503 silere.
694 1453 745 1501 lit)

54 1560 61 1584 ,
73 1527 185 1588 septena
196 1521 352 1571 modulatus
364 1521 495 1572 arundine
506 1536 626 1583 carmen,

54 1590 187 1650 ateihas,
198 1604 253 1640 nan
263 1605 381 1657 unquam
392 1597 517 1657 tempore
530 1590 627 1641 eodeni

56 1663 164 1711 ssuetos
176 1655 271 1708 effudit
280 1659 308 1708 in
319 1673 439 1724 aequore
451 1663 561 1709 cantus:

54 1732 70 1780 ri
79 1735 192 1780 tacuere
203 1740 298 1777 canas:
309 1727 386 1776 stetit
397 1732 457 1775 atra
469 1723 634 1789 Charybdis:

54 1795 215 1862 usscopulis
227 1794 331 1846 audivit
341 1794 425 1845 iubila
436 1793 563 1859 Cyclops.
695 1793 745 1843 475

54 1870 112 1919 ‚iem
123 1865 274 1917 hauserunt
285 1869 313 1916 et
322 1878 422 1916 nomen
430 1861 546 1913 amabile
552 1859 685 1913 tlensmae.

54 1957 57 1987 ;
69 1952 135 1989 ecce
145 1951 228 2003 super
238 1935 366 1987 transtris
376 1931 542 1984 fumantibus
554 1947 633 1999 asper

54 2026 85 2069 s,
107 2022 140 2057 ac
155 2006 267 2074 longam
282 2004 391 2056 sibimet
406 2002 474 2054 facit
485 2017 604 2070 aequore
614 2017 684 2053 ntor·

422 2079 488 2136 tem,

56 2144 185 2207 Oiliades,
197 2143 298 2196 srrlnren
308 2143 445 2194 iaerrlaate
457 2143 589 2203 Minerva,

57 2222 99 2266 tes
109 2214 215 2266 domuit
224 2212 324 2264 tinctus
334 2212 493 2264 uidentibus
502 2212 580 2264 ulnis.
696 2212 746 2262 48⁰

54 2286 123 2353 gitur
135 2283 225 2334 valida
235 2283 349 2346 medius,
362 2283 425 2335 dum
437 2298 467 2335 ss
477 2281 585 2343 allevat,
598 2281 651 2332 alni

55 2370 68 2405 e
79 2353 259 2405 Marmarides
271 2350 386 2418 Scyron.
396 2353 465 2406 Pars
474 2352 604 2405 subnatat
615 2348 687 2400 unda

55 2439 150 2486 orum,
171 2438 235 2490 pars
250 2427 342 2474 exstat
362 2424 452 2490 aquis3
473 2425 616 2486 totumque
637 2431 687 2483 per

424 2505 456 2542 ae
476 2502 527 2540 nar

55 2576 91 2623 nr,
102 2561 190 2629 rigido
200 2560 409 2626 (miserandum)
418 2506 569 2611 lingonen
577 2563 685 2610 rastra.

55 2636 110 2681 arnt
117 2645 224 2699 puppes
236 2634 377 2705 utrinque,
388 2637 476 2704 atque
486 2635 689 2686 oramentnrn
719 2619 778 2671 ⁸3⁸

55 2700 89 2749 ier’
98 2697 204 2753 renunt
212 2719 361 2761 remorum
374 2706 533 2779 aspergine
544 2716 643 2756 iares.

55 2780 95 2818 as
111 2768 129 2819 1
136 2782 214 2825 rar..
594 2770 628 2823 ll
