1920 2962
155 166 205 219 stt
349 164 377 214 G.
407 159 512 213 siml
539 158 702 211 lTALici

92 290 144 341 580
155 287 268 354 Agmine
279 287 428 348 carpuntur
438 279 549 331 volucri.
570 278 638 330 Fert
647 278 774 329 concitus
783 276 844 328 inde

153 357 207 408 Per
217 356 283 421 iuga
293 351 367 402 celsa
377 350 501 419 gradum,
513 348 587 399 duma
598 362 653 414 qua
662 346 776 414 rupibus
787 345 879 399 haeret

154 424 278 477 Bellator
287 422 412 482 Frusino,
424 426 453 470 et
463 418 550 486 surgit
562 430 696 483 suspensa
707 418 825 468 tumenti

154 495 245 545 Dorso
257 490 396 559 frugiferis
408 488 528 540 Cerealis
539 488 662 554 Anagnia
671 486 768 555 giebis.

154 566 266 631 iamque
283 561 352 612 adeo
372 564 414 610 est
428 572 541 624 campos
556 557 697 675 ingrelqsus
715 563 744 608 et
762 570 829 608 arra
843 554 890 608 bs·

649 641 695 688 ici,

92 704 143 755 555
155 702 294 768 Linquens
306 697 440 764 Telegoni
448 696 571 763 pulsatos
584 696 670 745 ariete
682 710 785 759 muros,

153 770 236 823 Haud
253 769 361 837 dignam
377 768 449 833 inter
465 770 543 816 tanta
557 778 672 814 moram.
709 763 768 816 Nec
786 779 893 816 amoena

629 838 771 885 retentant

155 910 259 978 Algida,
270 921 322 957 nec
331 907 410 955 iuxta
421 904 531 954 iunonis
541 908 617 954 tecta
629 903 762 954 Gabinae.

157 981 295 1042 Praeceps
307 974 342 1024 ad
354 975 426 1040 ripas
437 974 548 1023 immani
559 973 669 1023 turbine
681 971 780 1036 fertur,

158 1046 290 1099 Suiiurcis
302 1042 471 1111 gelidusque
483 1043 568 1108 serpit
579 1043 678 1092 leniter
687 1041 769 1093 undis

97 1118 148 1170 tto
158 1117 199 1168 Ad
209 1116 362 1185 genitorem
373 1113 456 1174 iinio,
471 1111 565 1162 labens
583 1112 651 1230 sinqJ
656 1126 811 1175 murmure,
827 1110 885 1177 Thy

653 1196 713 1231 rim.

159 1257 213 1305 Hic
223 1260 254 1304 ut
265 1255 343 1319 signa
353 1251 433 1302 ierox
445 1251 619 1318 dimensaque
633 1256 725 1301 castre
735 1250 846 1313 locarit,

158 1326 195 1374 Et
206 1324 279 1387 ripas
291 1319 446 1370 tremefecit
456 1334 548 1385 eques,
560 1321 707 1387 perterrita
718 1320 805 1387 pulsis

159 1393 209 1444 iiia
217 1391 306 1457 prima
316 1387 392 1438 radis
403 1402 483 1438 sacro
495 1403 524 1439 se
536 1390 659 1456 coniugis
669 1394 750 1439 antro

159 1458 293 1519 Condidit,
306 1463 334 1507 ct
345 1463 460 1507 cunctae
472 1455 601 1525 fugerunt
610 1459 718 1526 gurgite
729 1457 880 1527 Nymphae.

98 1530 148 1581 545
160 1532 195 1580 nt
204 1534 306 1579 matres
315 1527 424 1589 Latiae,
437 1541 487 1577 ceu
498 1529 607 1578 moenia
616 1528 690 1578 nulia
699 1530 846 1595 supersint,

158 1599 297 1650 Attonitae
308 1599 408 1664 passim
419 1595 570 1646 furibundis
581 1598 719 1664 gressibus
730 1604 833 1650 errant.

159 1673 227 1719 unte
240 1666 335 1719 oculos
348 1672 438 1717 astant
447 1666 558 1716 iacerae
569 1666 772 1733 trepidantibus
783 1669 896 1727 umbrae,

160 1740 291 1805 Quaeque
302 1751 414 1804 gravem
425 1736 461 1787 ed
473 1735 611 1797 Trebiam,
625 1750 751 1855 qqaeque
763 1738 798 1788 nd
810 1737 898 1788 'i'icins

657 1812 741 1855 uenia

162 1879 309 1942 oppetiere
322 1890 426 1936 necem,
439 1872 549 1925 Paulina
563 1871 761 1942 Gracchusque
775 1875 884 1935 cruenti,

99 1945 150 1994 550
162 1947 363 2009 l·'ianiiniusque
375 1943 462 2005 simui,
475 1945 581 1995 miseris
592 1949 655 1994 ante
668 1958 718 1995 ora
727 1950 870 2014 vagantur.

162 2014 265 2064 Clausit
274 2010 355 2060 turba
364 2013 430 2062 vias.
455 2010 516 2062 Stat
529 2014 616 2064 celsus
628 2018 656 2063 et
667 2027 749 2080 asper
762 2015 796 2067 ab
805 2018 855 2078 ira,

161 2084 354 2149 ingentemque
367 2087 468 2131 metum
479 2088 559 2133 torro
571 2083 667 2134 domat
676 2098 724 2134 ore
735 2083 861 2136 Senatus.

160 2149 299 2201 interdum
309 2156 399 2200 tanuen
411 2158 555 2218 erumpunt
568 2152 617 2203 sub
630 2152 738 2204 casside
751 2154 830 2206 fusae

160 2221 213 2270 Per
224 2221 337 2269 tacitum
348 2219 491 2283 lacrimae;
509 2222 636 2287 quidnam
648 2223 773 2275 Fortuna
782 2224 899 2279 minetur,

99 2289 150 2339 555
164 2288 268 2351 Quidve
279 2293 376 2355 parent
387 2286 501 2353 Superii
517 2292 607 2342 Pubes
620 2292 744 2358 dispersa
755 2308 805 2361 per
818 2294 882 2344 altas

161 2358 223 2409 Stat
235 2366 334 2420 turres,
347 2364 428 2424 atque
441 2355 494 2408 huc
510 2367 619 2412 rentum
632 2361 682 2413 sub
695 2364 782 2415 corde
792 2362 899 2419 volutat,

162 2431 197 2478 tit
206 2431 260 2480 iam
272 2430 361 2480 Roma
371 2429 437 2479 satis
449 2429 545 2480 credat
555 2431 703 2482 defendere
715 2448 819 2485 muros.

159 2497 268 2549 Poenus
279 2506 311 2549 ut
322 2499 356 2550 ad
367 2514 477 2551 somnos
489 2500 534 2550 rix
544 2508 632 2552 totam
644 2502 769 2555 cursibus
782 2508 862 2555 actae

151 2566 272 2620 Indulsit
283 2570 350 2638 pubi
361 2578 485 2635 noctem,
493 2572 793 2640 uigiiipac,necuiiam

78 2637 134 2690 560
142 2640 189 2693 Ad
196 2642 332 2713 requiem
344 2642 448 2707 inciiis,
461 2643 637 2708 credensque
647 2638 904 2705 aiuscedereditas,=

136 2715 227 2780 Quod
240 2732 337 2789 sopor
349 2717 470 2786 eripiat,
480 2720 616 2782 tenpus,
632 2702 904 2759 tabiit-affixum*
