<?xml version="1.0" encoding="UTF-8"?>
<!DOCTYPE html PUBLIC "-//W3C//DTD XHTML 1.0 Transitional//EN"
    "http://www.w3.org/TR/xhtml1/DTD/xhtml1-transitional.dtd">
<html xmlns="http://www.w3.org/1999/xhtml" xml:lang="en" lang="en">
 <head>
  <title>
</title>
<meta http-equiv="Content-Type" content="text/html;charset=utf-8" />
  <meta name='ocr-system' content='tesseract 3.04.00' />
  <meta name='ocr-capabilities' content='ocr_page ocr_carea ocr_par ocr_line ocrx_word'/>
</head>
<body>
  <div class='ocr_page' id='page_1' title='image "./punicorumlibrix00italgoog/punicorumlibrix00italgoog_0097.png"; bbox 0 0 1920 2962; ppageno 0'>
   <div class='ocr_carea' id='block_1_1' title="bbox 222 164 808 220">
    <p class='ocr_par' dir='ltr' id='par_1_1' title="bbox 222 164 808 220">
     <span class='ocr_line' id='line_1_1' title="bbox 222 164 808 220; baseline 0.002 -2"><span class='ocrx_word' id='word_1_1' title='bbox 222 164 476 218; x_wconf 75' lang='lat' dir='ltr'>PUNlconum</span> <span class='ocrx_word' id='word_1_2' title='bbox 504 167 584 218; x_wconf 89' lang='lat' dir='ltr'>LlB.</span> <span class='ocrx_word' id='word_1_3' title='bbox 615 167 661 219; x_wconf 90' lang='lat' dir='ltr'>lV.</span> <span class='ocrx_word' id='word_1_4' title='bbox 775 169 808 220; x_wconf 83' lang='grc'>89</span> 
     </span>
    </p>
   </div>
   <div class='ocr_carea' id='block_1_2' title="bbox 64 284 871 2630">
    <p class='ocr_par' dir='ltr' id='par_1_2' title="bbox 64 284 871 2630">
     <span class='ocr_line' id='line_1_2' title="bbox 71 284 791 353; baseline -0.001 -15"><span class='ocrx_word' id='word_1_5' title='bbox 71 285 146 338; x_wconf 82' lang='lat' dir='ltr'>lluic</span> <span class='ocrx_word' id='word_1_6' title='bbox 156 291 268 351; x_wconf 81' lang='lat' dir='ltr'>torquet</span> <span class='ocrx_word' id='word_1_7' title='bbox 278 284 374 352; x_wconf 75' lang='lat' dir='ltr'>rapido</span> <span class='ocrx_word' id='word_1_8' title='bbox 386 290 542 353; x_wconf 87' lang='lat' dir='ltr'>correptum</span> <span class='ocrx_word' id='word_1_9' title='bbox 553 287 684 353; x_wconf 76' lang='lat' dir='ltr'>egurgite</span> <span class='ocrx_word' id='word_1_10' title='bbox 694 287 791 353; x_wconf 78' lang='lat' dir='ltr'>pilum3</span> 
     </span>
     <span class='ocr_line' id='line_1_3' title="bbox 69 353 657 423; baseline -0.005 -15"><span class='ocrx_word' id='word_1_11' title='bbox 69 357 122 419; x_wconf 74' lang='lat' dir='ltr'>Et,</span> <span class='ocrx_word' id='word_1_12' title='bbox 135 359 264 422; x_wconf 79' lang='lat' dir='ltr'>quantum</span> <span class='ocrx_word' id='word_1_13' title='bbox 274 355 356 422; x_wconf 91' lang='lat' dir='ltr'>longo</span> <span class='ocrx_word' id='word_1_14' title='bbox 367 353 434 406; x_wconf 83' lang='lat' dir='ltr'>ferri</span> <span class='ocrx_word' id='word_1_15' title='bbox 445 359 558 406; x_wconf 77' lang='lat' dir='ltr'>tenuate</span> <span class='ocrx_word' id='word_1_16' title='bbox 567 355 657 423; x_wconf 88' lang='lat' dir='ltr'>rigore</span> 
     </span>
     <span class='ocr_line' id='line_1_4' title="bbox 69 421 699 491; baseline -0.006 -14"><span class='ocrx_word' id='word_1_17' title='bbox 69 424 204 477; x_wconf 82' lang='lat' dir='ltr'><strong>Procedit</strong></span> <span class='ocrx_word' id='word_1_18' title='bbox 215 424 318 490; x_wconf 89' lang='lat' dir='ltr'>cuspis,</span> <span class='ocrx_word' id='word_1_19' title='bbox 329 438 379 490; x_wconf 89' lang='lat' dir='ltr'>per</span> <span class='ocrx_word' id='word_1_20' title='bbox 389 421 494 475; x_wconf 84' lang='lat' dir='ltr'>hiantia</span> <span class='ocrx_word' id='word_1_21' title='bbox 504 424 632 491; x_wconf 76' lang='lat' dir='ltr'>transigit</span> <span class='ocrx_word' id='word_1_22' title='bbox 643 437 699 474; x_wconf 76' lang='lat' dir='ltr'>ora.</span> 
     </span>
     <span class='ocr_line' id='line_1_5' title="bbox 68 492 658 560; baseline -0.007 -14"><span class='ocrx_word' id='word_1_23' title='bbox 68 494 176 546; x_wconf 82' lang='lat' dir='ltr'>Pulsoti</span> <span class='ocrx_word' id='word_1_24' title='bbox 186 493 259 560; x_wconf 84' lang='lat' dir='ltr'>ligno</span> <span class='ocrx_word' id='word_1_25' title='bbox 271 507 387 543; x_wconf 89' lang='lat' dir='ltr'>sonuere</span> <span class='ocrx_word' id='word_1_26' title='bbox 396 495 424 543; x_wconf 91' lang='lat' dir='ltr'>in</span> <span class='ocrx_word' id='word_1_27' title='bbox 433 494 544 544; x_wconf 80' lang='lat' dir='ltr'>vulnere</span> <span class='ocrx_word' id='word_1_28' title='bbox 555 492 658 543; x_wconf 89' lang='lat' dir='ltr'>dentes.</span> 
     </span>
     <span class='ocr_line' id='line_1_6' title="bbox 69 558 870 630; baseline -0.006 -15"><span class='ocrx_word' id='word_1_29' title='bbox 69 563 131 615; x_wconf 90' lang='lat' dir='ltr'>Nee</span> <span class='ocrx_word' id='word_1_30' title='bbox 141 562 198 612; x_wconf 84' lang='lat' dir='ltr'>leto</span> <span class='ocrx_word' id='word_1_31' title='bbox 211 562 335 628; x_wconf 80' lang='lat' dir='ltr'>quaesita</span> <span class='ocrx_word' id='word_1_32' title='bbox 346 563 430 628; x_wconf 89' lang='lat' dir='ltr'>quies.</span> <span class='ocrx_word' id='word_1_33' title='bbox 459 561 744 630; x_wconf 83' lang='lat' dir='ltr'>Turgentinmembrn</span> <span class='ocrx_word' id='word_1_34' title='bbox 818 558 870 611; x_wconf 73' lang='lat' dir='ltr'>tes</span> 
     </span>
     <span class='ocr_line' id='line_1_7' title="bbox 68 628 784 698; baseline -0.006 -14"><span class='ocrx_word' id='word_1_35' title='bbox 68 632 193 684; x_wconf 76' lang='lat' dir='ltr'>Eridano</span> <span class='ocrx_word' id='word_1_36' title='bbox 205 628 318 692; x_wconf 85' lang='lat' dir='ltr'>Trebio,</span> <span class='ocrx_word' id='word_1_37' title='bbox 329 630 464 682; x_wconf 77' lang='lat' dir='ltr'>Eridanus</span> <span class='ocrx_word' id='word_1_38' title='bbox 476 631 552 682; x_wconf 81' lang='lat' dir='ltr'>dedit</span> <span class='ocrx_word' id='word_1_39' title='bbox 562 632 688 698; x_wconf 79' lang='lat' dir='ltr'>aequoris</span> <span class='ocrx_word' id='word_1_40' title='bbox 698 630 784 681; x_wconf 91' lang='lat' dir='ltr'>undis.</span> 
     </span>
     <span class='ocr_line' id='line_1_8' title="bbox 70 696 808 769; baseline -0.004 -16"><span class='ocrx_word' id='word_1_41' title='bbox 70 704 117 753; x_wconf 91' lang='lat' dir='ltr'>&#39;l&#39;u</span> <span class='ocrx_word' id='word_1_42' title='bbox 128 714 249 769; x_wconf 86' lang='lat' dir='ltr'>quoque,</span> <span class='ocrx_word' id='word_1_43' title='bbox 261 696 385 765; x_wconf 79' lang='lat' dir='ltr'>&#39;rhapse‚</span> <span class='ocrx_word' id='word_1_44' title='bbox 397 700 486 763; x_wconf 84' lang='lat' dir='ltr'>cadis,</span> <span class='ocrx_word' id='word_1_45' title='bbox 502 699 606 751; x_wconf 91' lang='lat' dir='ltr'>tumulo</span> <span class='ocrx_word' id='word_1_46' title='bbox 617 706 681 766; x_wconf 89' lang='lat' dir='ltr'>post</span> <span class='ocrx_word' id='word_1_47' title='bbox 694 700 754 751; x_wconf 76' lang='lat' dir='ltr'>fata</span> <span class='ocrx_word' id='word_1_48' title='bbox 764 715 808 750; x_wconf 89' lang='lat' dir='ltr'>ne-</span> 
     </span>
     <span class='ocr_line' id='line_1_9' title="bbox 567 775 622 818; baseline 0 0"><span class='ocrx_word' id='word_1_49' title='bbox 567 775 622 818; x_wconf 88' lang='lat' dir='ltr'>oto.</span> 
     </span>
     <span class='ocr_line' id='line_1_10' title="bbox 71 785 812 903; baseline -0.005 -14"><span class='ocrx_word' id='word_1_50' title='bbox 71 837 145 901; x_wconf 74' lang='lat' dir='ltr'>qnid</span> <span class='ocrx_word' id='word_1_51' title='bbox 156 836 251 888; x_wconf 89' lang='lat' dir='ltr'>domus</span> <span class='ocrx_word' id='word_1_52' title='bbox 261 836 453 903; x_wconf 87' lang='lat' dir='ltr'>Hesperidum,</span> <span class='ocrx_word' id='word_1_53' title='bbox 459 842 507 886; x_wconf 83' lang='lat' dir='ltr'>aut</span> <span class='ocrx_word' id='word_1_54' title='bbox 517 785 571 887; x_wconf 54' lang='lat' dir='ltr'>lugi</span> <span class='ocrx_word' id='word_1_55' title='bbox 579 838 673 888; x_wconf 84' lang='lat' dir='ltr'>iuvere</span> <span class='ocrx_word' id='word_1_56' title='bbox 684 837 812 898; x_wconf 84' lang='lat' dir='ltr'>Dearum,</span> 
     </span>
     <span class='ocr_line' id='line_1_11' title="bbox 70 905 683 960; baseline -0.007 0"><span class='ocrx_word' id='word_1_57' title='bbox 70 907 173 960; x_wconf 85' lang='lat' dir='ltr'>Fulvus</span> <span class='ocrx_word' id='word_1_58' title='bbox 185 905 304 957; x_wconf 79' lang='lat' dir='ltr'>aurifero</span> <span class='ocrx_word' id='word_1_59' title='bbox 314 911 455 958; x_wconf 82' lang='lat' dir='ltr'>servantes</span> <span class='ocrx_word' id='word_1_60' title='bbox 465 905 563 956; x_wconf 80' lang='lat' dir='ltr'>arbore</span> <span class='ocrx_word' id='word_1_61' title='bbox 574 907 683 956; x_wconf 75' lang='lat' dir='ltr'>ramos?</span> 
     </span>
     <span class='ocr_line' id='line_1_12' title="bbox 69 973 871 1042; baseline -0.004 -13"><span class='ocrx_word' id='word_1_62' title='bbox 69 976 204 1029; x_wconf 81' lang='lat' dir='ltr'>Intumuit</span> <span class='ocrx_word' id='word_1_63' title='bbox 214 976 330 1036; x_wconf 81' lang='lat' dir='ltr'>Trebia,</span> <span class='ocrx_word' id='word_1_64' title='bbox 342 980 371 1026; x_wconf 89' lang='lat' dir='ltr'>et</span> <span class='ocrx_word' id='word_1_65' title='bbox 382 975 485 1042; x_wconf 80' lang='lat' dir='ltr'>stagnis</span> <span class='ocrx_word' id='word_1_66' title='bbox 494 989 524 1025; x_wconf 90' lang='lat' dir='ltr'>se</span> <span class='ocrx_word' id='word_1_67' title='bbox 535 975 645 1026; x_wconf 81' lang='lat' dir='ltr'>sustulit</span> <span class='ocrx_word' id='word_1_68' title='bbox 654 975 728 1025; x_wconf 88' lang='lat' dir='ltr'>imis:</span> <span class='ocrx_word' id='word_1_69' title='bbox 817 973 871 1026; x_wconf 76' lang='grc'>640</span> 
     </span>
     <span class='ocr_line' id='line_1_13' title="bbox 67 1043 749 1113; baseline -0.003 -16"><span class='ocrx_word' id='word_1_70' title='bbox 67 1048 184 1113; x_wconf 80' lang='lat' dir='ltr'>lamque</span> <span class='ocrx_word' id='word_1_71' title='bbox 195 1044 273 1095; x_wconf 83' lang='lat' dir='ltr'>ferox</span> <span class='ocrx_word' id='word_1_72' title='bbox 281 1050 370 1095; x_wconf 89' lang='lat' dir='ltr'>totum</span> <span class='ocrx_word' id='word_1_73' title='bbox 381 1044 510 1111; x_wconf 78' lang='lat' dir='ltr'>propellit</span> <span class='ocrx_word' id='word_1_74' title='bbox 519 1045 626 1112; x_wconf 77' lang='lat' dir='ltr'>gurgite</span> <span class='ocrx_word' id='word_1_75' title='bbox 636 1043 749 1106; x_wconf 84' lang='lat' dir='ltr'>fontem,</span> 
     </span>
     <span class='ocr_line' id='line_1_14' title="bbox 67 1114 780 1181; baseline -0.004 -15"><span class='ocrx_word' id='word_1_76' title='bbox 67 1118 160 1181; x_wconf 83' lang='lat' dir='ltr'>Atque</span> <span class='ocrx_word' id='word_1_77' title='bbox 172 1128 265 1164; x_wconf 89' lang='lat' dir='ltr'>omnes</span> <span class='ocrx_word' id='word_1_78' title='bbox 274 1120 386 1181; x_wconf 82' lang='lat' dir='ltr'>torquet</span> <span class='ocrx_word' id='word_1_79' title='bbox 395 1114 474 1165; x_wconf 76' lang='lat' dir='ltr'>vires.</span> <span class='ocrx_word' id='word_1_80' title='bbox 502 1115 581 1164; x_wconf 82' lang='lat' dir='ltr'>Furit</span> <span class='ocrx_word' id='word_1_81' title='bbox 591 1114 664 1164; x_wconf 84' lang='lat' dir='ltr'>undo</span> <span class='ocrx_word' id='word_1_82' title='bbox 674 1114 780 1164; x_wconf 87' lang='lat' dir='ltr'>sonoris</span> 
     </span>
     <span class='ocr_line' id='line_1_15' title="bbox 69 1183 807 1250; baseline -0.007 -14"><span class='ocrx_word' id='word_1_83' title='bbox 69 1183 243 1247; x_wconf 86' lang='lat' dir='ltr'>Vorticibus3</span> <span class='ocrx_word' id='word_1_84' title='bbox 254 1184 430 1250; x_wconf 76' lang='lat' dir='ltr'>sequiturque</span> <span class='ocrx_word' id='word_1_85' title='bbox 440 1198 526 1234; x_wconf 88' lang='lat' dir='ltr'>novus</span> <span class='ocrx_word' id='word_1_86' title='bbox 533 1197 593 1233; x_wconf 87' lang='lat' dir='ltr'>cum</span> <span class='ocrx_word' id='word_1_87' title='bbox 603 1196 741 1233; x_wconf 90' lang='lat' dir='ltr'>murmure</span> <span class='ocrx_word' id='word_1_88' title='bbox 751 1187 807 1232; x_wconf 90' lang='lat' dir='ltr'>tor·</span> 
     </span>
     <span class='ocr_line' id='line_1_16' title="bbox 545 1267 616 1303; baseline 0 -2"><span class='ocrx_word' id='word_1_89' title='bbox 545 1267 616 1303; x_wconf 90' lang='lat' dir='ltr'>rens.</span> 
     </span>
     <span class='ocr_line' id='line_1_17' title="bbox 68 1319 668 1384; baseline -0.002 -12"><span class='ocrx_word' id='word_1_90' title='bbox 68 1319 176 1382; x_wconf 85' lang='lat' dir='ltr'>Sensit,</span> <span class='ocrx_word' id='word_1_91' title='bbox 188 1324 217 1370; x_wconf 90' lang='lat' dir='ltr'>et</span> <span class='ocrx_word' id='word_1_92' title='bbox 228 1335 345 1372; x_wconf 82' lang='lat' dir='ltr'>occense</span> <span class='ocrx_word' id='word_1_93' title='bbox 355 1321 454 1372; x_wconf 84' lang='lat' dir='ltr'>ductor</span> <span class='ocrx_word' id='word_1_94' title='bbox 464 1320 607 1372; x_wconf 80' lang='lat' dir='ltr'>violentius</span> <span class='ocrx_word' id='word_1_95' title='bbox 617 1323 668 1384; x_wconf 83' lang='lat' dir='ltr'>iro,</span> 
     </span>
     <span class='ocr_line' id='line_1_18' title="bbox 67 1388 832 1507; baseline -0.005 -66"><span class='ocrx_word' id='word_1_96' title='bbox 67 1390 200 1456; x_wconf 80' lang='lat' dir='ltr'>Magnes,</span> <span class='ocrx_word' id='word_1_97' title='bbox 212 1404 228 1439; x_wconf 91' lang='lat' dir='ltr'>o</span> <span class='ocrx_word' id='word_1_98' title='bbox 240 1389 356 1452; x_wconf 79' lang='lat' dir='ltr'>Trebio,</span> <span class='ocrx_word' id='word_1_99' title='bbox 366 1395 395 1440; x_wconf 89' lang='lat' dir='ltr'>et</span> <span class='ocrx_word' id='word_1_100' title='bbox 405 1390 517 1440; x_wconf 84' lang='lat' dir='ltr'>meritos</span> <span class='ocrx_word' id='word_1_101' title='bbox 527 1388 602 1453; x_wconf 92' lang='lat' dir='ltr'>mihi,</span> <span class='ocrx_word' id='word_1_102' title='bbox 614 1389 731 1457; x_wconf 83' lang='lat' dir='ltr'>perfide,</span> <span class='ocrx_word' id='word_1_103' title='bbox 742 1403 832 1507; x_wconf 71' lang='lat' dir='ltr'>poe-6</span> 
     </span>
     <span class='ocr_line' id='line_1_19' title="bbox 546 1457 870 1510; baseline -0.009 -2"><span class='ocrx_word' id='word_1_104' title='bbox 546 1475 595 1510; x_wconf 81' lang='lat' dir='ltr'>nos</span> <span class='ocrx_word' id='word_1_105' title='bbox 833 1457 870 1506; x_wconf 78' lang='lat'>45.</span> 
     </span>
     <span class='ocr_line' id='line_1_20' title="bbox 67 1526 733 1595; baseline -0.005 -16"><span class='ocrx_word' id='word_1_106' title='bbox 67 1526 218 1590; x_wconf 83' lang='lat' dir='ltr'>Exsolves‚</span> <span class='ocrx_word' id='word_1_107' title='bbox 229 1529 325 1595; x_wconf 85' lang='lat' dir='ltr'>inquit.</span> <span class='ocrx_word' id='word_1_108' title='bbox 343 1527 479 1578; x_wconf 76' lang='lat' dir='ltr'>Lucerum</span> <span class='ocrx_word' id='word_1_109' title='bbox 491 1543 540 1594; x_wconf 90' lang='lat' dir='ltr'>per</span> <span class='ocrx_word' id='word_1_110' title='bbox 552 1527 659 1579; x_wconf 80' lang='lat' dir='ltr'>Gallico</span> <span class='ocrx_word' id='word_1_111' title='bbox 669 1528 733 1576; x_wconf 84' lang='lat' dir='ltr'>rivis</span> 
     </span>
     <span class='ocr_line' id='line_1_21' title="bbox 65 1595 812 1715; baseline -0.004 -68"><span class='ocrx_word' id='word_1_112' title='bbox 65 1597 232 1663; x_wconf 83' lang='lat' dir='ltr'>Dispergom</span> <span class='ocrx_word' id='word_1_113' title='bbox 243 1611 316 1659; x_wconf 86' lang='lat' dir='ltr'>rura,</span> <span class='ocrx_word' id='word_1_114' title='bbox 323 1602 405 1715; x_wconf 79' lang='lat' dir='ltr'>atque</span> <span class='ocrx_word' id='word_1_115' title='bbox 415 1597 501 1647; x_wconf 79' lang='lat' dir='ltr'>amnis</span> <span class='ocrx_word' id='word_1_116' title='bbox 511 1595 561 1647; x_wconf 88' lang='lat' dir='ltr'>tibi</span> <span class='ocrx_word' id='word_1_117' title='bbox 571 1597 682 1648; x_wconf 83' lang='lat' dir='ltr'>nomino</span> <span class='ocrx_word' id='word_1_118' title='bbox 692 1595 812 1645; x_wconf 80' lang='lat' dir='ltr'>demam:</span> 
     </span>
     <span class='ocr_line' id='line_1_22' title="bbox 68 1666 807 1733; baseline -0.004 -17"><span class='ocrx_word' id='word_1_119' title='bbox 68 1667 187 1732; x_wconf 76' lang='lat' dir='ltr'>Quoque</span> <span class='ocrx_word' id='word_1_120' title='bbox 208 1666 297 1731; x_wconf 85' lang='lat' dir='ltr'>aperis</span> <span class='ocrx_word' id='word_1_121' title='bbox 318 1671 347 1716; x_wconf 86' lang='lat' dir='ltr'>te</span> <span class='ocrx_word' id='word_1_122' title='bbox 370 1671 447 1728; x_wconf 91' lang='lat' dir='ltr'>onte,</span> <span class='ocrx_word' id='word_1_123' title='bbox 467 1680 604 1733; x_wconf 78' lang='lat' dir='ltr'>promum:</span> <span class='ocrx_word' id='word_1_124' title='bbox 623 1679 675 1714; x_wconf 87' lang='lat' dir='ltr'>nec</span> <span class='ocrx_word' id='word_1_125' title='bbox 693 1671 807 1730; x_wconf 85' lang='lat' dir='ltr'>tongere</span> 
     </span>
     <span class='ocr_line' id='line_1_23' title="bbox 543 1749 630 1794; baseline 0.011 -11"><span class='ocrx_word' id='word_1_126' title='bbox 543 1749 564 1783; x_wconf 88' lang='lat' dir='ltr'>n</span> <span class='ocrx_word' id='word_1_127' title='bbox 587 1749 630 1794; x_wconf 84' lang='lat' dir='ltr'>os,</span> 
     </span>
     <span class='ocr_line' id='line_1_24' title="bbox 66 1748 772 1868; baseline -0.006 -14"><span class='ocrx_word' id='word_1_128' title='bbox 66 1801 200 1868; x_wconf 81' lang='lat' dir='ltr'>lllchique</span> <span class='ocrx_word' id='word_1_129' title='bbox 211 1801 288 1852; x_wconf 78' lang='lat' dir='ltr'>Pedo</span> <span class='ocrx_word' id='word_1_130' title='bbox 299 1802 415 1852; x_wconf 85' lang='lat' dir='ltr'>dabitur.</span> <span class='ocrx_word' id='word_1_131' title='bbox 447 1748 587 1861; x_wconf 57' lang='lat' dir='ltr'>Quaenarln</span> <span class='ocrx_word' id='word_1_132' title='bbox 597 1801 651 1850; x_wconf 83' lang='lat' dir='ltr'>ista</span> <span class='ocrx_word' id='word_1_133' title='bbox 660 1803 772 1864; x_wconf 86' lang='lat' dir='ltr'>repente</span> 
     </span>
     <span class='ocr_line' id='line_1_25' title="bbox 68 1865 871 1932; baseline -0.004 -10"><span class='ocrx_word' id='word_1_134' title='bbox 68 1871 225 1931; x_wconf 85' lang='lat' dir='ltr'>Sidonium,</span> <span class='ocrx_word' id='word_1_135' title='bbox 235 1869 343 1932; x_wconf 83' lang='lat' dir='ltr'>infelix,</span> <span class='ocrx_word' id='word_1_136' title='bbox 354 1869 444 1919; x_wconf 82' lang='lat' dir='ltr'>rabies</span> <span class='ocrx_word' id='word_1_137' title='bbox 455 1874 483 1919; x_wconf 88' lang='lat' dir='ltr'>te</span> <span class='ocrx_word' id='word_1_138' title='bbox 493 1868 612 1918; x_wconf 83' lang='lat' dir='ltr'>reddidit</span> <span class='ocrx_word' id='word_1_139' title='bbox 622 1865 745 1919; x_wconf 67' lang='lat' dir='ltr'>emnem?</span> <span class='ocrx_word' id='word_1_140' title='bbox 818 1869 871 1919; x_wconf 74' lang='grc'>650</span> 
     </span>
     <span class='ocr_line' id='line_1_26' title="bbox 67 1940 728 2006; baseline -0.008 -16"><span class='ocrx_word' id='word_1_141' title='bbox 67 1940 151 1990; x_wconf 77' lang='lat' dir='ltr'>&#39;falia</span> <span class='ocrx_word' id='word_1_142' title='bbox 162 1940 310 1988; x_wconf 83' lang='lat' dir='ltr'>iactantem</span> <span class='ocrx_word' id='word_1_143' title='bbox 323 1953 491 2006; x_wconf 86' lang='lat' dir='ltr'>consurgens</span> <span class='ocrx_word' id='word_1_144' title='bbox 501 1952 586 2006; x_wconf 84' lang='lat' dir='ltr'>agger</span> <span class='ocrx_word' id='word_1_145' title='bbox 598 1951 728 2005; x_wconf 81' lang='lat' dir='ltr'>aquarum</span> 
     </span>
     <span class='ocr_line' id='line_1_27' title="bbox 66 2006 790 2076; baseline -0.007 -15"><span class='ocrx_word' id='word_1_146' title='bbox 66 2009 193 2075; x_wconf 87' lang='lat' dir='ltr'>lmpulit,</span> <span class='ocrx_word' id='word_1_147' title='bbox 205 2013 287 2075; x_wconf 85' lang='lat' dir='ltr'>otque</span> <span class='ocrx_word' id='word_1_148' title='bbox 297 2006 427 2058; x_wconf 85' lang='lat' dir='ltr'>humeros</span> <span class='ocrx_word' id='word_1_149' title='bbox 437 2014 550 2059; x_wconf 78' lang='lat' dir='ltr'>curseto</span> <span class='ocrx_word' id='word_1_150' title='bbox 565 2008 672 2076; x_wconf 91' lang='lat' dir='ltr'>gurgite</span> <span class='ocrx_word' id='word_1_151' title='bbox 683 2008 790 2072; x_wconf 84' lang='lat' dir='ltr'>pressit.</span> 
     </span>
     <span class='ocr_line' id='line_1_28' title="bbox 66 2077 684 2129; baseline -0.003 0"><span class='ocrx_word' id='word_1_152' title='bbox 66 2078 176 2129; x_wconf 77' lang='lat' dir='ltr'>Arduus</span> <span class='ocrx_word' id='word_1_153' title='bbox 187 2077 302 2128; x_wconf 83' lang='lat' dir='ltr'>adversa</span> <span class='ocrx_word' id='word_1_154' title='bbox 312 2077 383 2128; x_wconf 89' lang='lat' dir='ltr'>mole</span> <span class='ocrx_word' id='word_1_155' title='bbox 394 2077 595 2129; x_wconf 85' lang='lat' dir='ltr'>incurrentibus</span> <span class='ocrx_word' id='word_1_156' title='bbox 605 2077 684 2127; x_wconf 90' lang='lat' dir='ltr'>undis</span> 
     </span>
     <span class='ocr_line' id='line_1_29' title="bbox 67 2145 808 2214; baseline -0.007 -16"><span class='ocrx_word' id='word_1_157' title='bbox 67 2145 254 2207; x_wconf 70' lang='lat' dir='ltr'>statuuntur,</span> <span class='ocrx_word' id='word_1_158' title='bbox 267 2147 420 2214; x_wconf 81' lang='lat' dir='ltr'>clypeoque</span> <span class='ocrx_word' id='word_1_159' title='bbox 431 2152 555 2198; x_wconf 89' lang='lat' dir='ltr'>ruentem</span> <span class='ocrx_word' id='word_1_160' title='bbox 566 2149 684 2198; x_wconf 86' lang='lat' dir='ltr'>sustinet</span> <span class='ocrx_word' id='word_1_161' title='bbox 693 2160 808 2195; x_wconf 81' lang='lat' dir='ltr'>amnem.</span> 
     </span>
     <span class='ocr_line' id='line_1_30' title="bbox 64 2213 866 2284; baseline -0.007 -16"><span class='ocrx_word' id='word_1_162' title='bbox 64 2216 126 2268; x_wconf 88' lang='lat' dir='ltr'>Nee</span> <span class='ocrx_word' id='word_1_163' title='bbox 138 2231 192 2266; x_wconf 91' lang='lat' dir='ltr'>non</span> <span class='ocrx_word' id='word_1_164' title='bbox 203 2231 220 2267; x_wconf 80' lang='lat' dir='ltr'>a</span> <span class='ocrx_word' id='word_1_165' title='bbox 230 2221 309 2284; x_wconf 90' lang='lat' dir='ltr'>tergo</span> <span class='ocrx_word' id='word_1_166' title='bbox 319 2215 418 2267; x_wconf 87' lang='lat' dir='ltr'>fluctus</span> <span class='ocrx_word' id='word_1_167' title='bbox 429 2215 562 2266; x_wconf 82' lang='lat' dir='ltr'>stridente</span> <span class='ocrx_word' id='word_1_168' title='bbox 574 2216 695 2282; x_wconf 84' lang='lat' dir='ltr'>procella</span> <span class='ocrx_word' id='word_1_169' title='bbox 816 2213 866 2262; x_wconf 74' lang='lat'>655</span> 
     </span>
     <span class='ocr_line' id='line_1_31' title="bbox 66 2284 718 2354; baseline -0.006 -16"><span class='ocrx_word' id='word_1_170' title='bbox 66 2284 204 2354; x_wconf 85' lang='lat' dir='ltr'>Spumeus</span> <span class='ocrx_word' id='word_1_171' title='bbox 214 2289 316 2337; x_wconf 81' lang='lat' dir='ltr'>irroret</span> <span class='ocrx_word' id='word_1_172' title='bbox 326 2301 445 2336; x_wconf 83' lang='lat' dir='ltr'>summos</span> <span class='ocrx_word' id='word_1_173' title='bbox 457 2288 600 2353; x_wconf 80' lang='lat' dir='ltr'>aspergine</span> <span class='ocrx_word' id='word_1_174' title='bbox 613 2287 718 2336; x_wconf 83' lang='lat' dir='ltr'>cristas.</span> 
     </span>
     <span class='ocr_line' id='line_1_32' title="bbox 65 2354 753 2423; baseline -0.009 -16"><span class='ocrx_word' id='word_1_175' title='bbox 65 2357 111 2407; x_wconf 89' lang='lat' dir='ltr'>lre</span> <span class='ocrx_word' id='word_1_176' title='bbox 121 2355 211 2418; x_wconf 83' lang='lat' dir='ltr'>redis,</span> <span class='ocrx_word' id='word_1_177' title='bbox 223 2354 401 2421; x_wconf 81' lang='lat' dir='ltr'>stabilemque</span> <span class='ocrx_word' id='word_1_178' title='bbox 411 2359 488 2405; x_wconf 83' lang='lat' dir='ltr'>vetut</span> <span class='ocrx_word' id='word_1_179' title='bbox 498 2354 618 2423; x_wconf 82' lang='lat' dir='ltr'>deligere</span> <span class='ocrx_word' id='word_1_180' title='bbox 629 2367 753 2422; x_wconf 87' lang='lat' dir='ltr'>gressum</span> 
     </span>
     <span class='ocr_line' id='line_1_33' title="bbox 66 2423 711 2491; baseline -0.008 -15"><span class='ocrx_word' id='word_1_181' title='bbox 66 2423 210 2476; x_wconf 82' lang='lat' dir='ltr'>Subducta</span> <span class='ocrx_word' id='word_1_182' title='bbox 218 2424 317 2475; x_wconf 90' lang='lat' dir='ltr'>tellure</span> <span class='ocrx_word' id='word_1_183' title='bbox 328 2425 418 2474; x_wconf 85' lang='lat' dir='ltr'>Deus:</span> <span class='ocrx_word' id='word_1_184' title='bbox 433 2438 618 2491; x_wconf 83' lang='lat' dir='ltr'>percussoque</span> <span class='ocrx_word' id='word_1_185' title='bbox 629 2423 711 2489; x_wconf 87' lang='lat' dir='ltr'>longe</span> 
     </span>
     <span class='ocr_line' id='line_1_34' title="bbox 64 2489 811 2560; baseline -0.008 -16"><span class='ocrx_word' id='word_1_186' title='bbox 64 2494 189 2544; x_wconf 84' lang='lat' dir='ltr'>Roucum</span> <span class='ocrx_word' id='word_1_187' title='bbox 200 2509 267 2544; x_wconf 82' lang='lat' dir='ltr'>saxu</span> <span class='ocrx_word' id='word_1_188' title='bbox 280 2498 392 2557; x_wconf 83' lang='lat' dir='ltr'>sonaut;</span> <span class='ocrx_word' id='word_1_189' title='bbox 407 2493 550 2560; x_wconf 77' lang='lat' dir='ltr'>undaeque</span> <span class='ocrx_word' id='word_1_190' title='bbox 563 2494 597 2543; x_wconf 87' lang='lat' dir='ltr'>ad</span> <span class='ocrx_word' id='word_1_191' title='bbox 607 2491 680 2542; x_wconf 83' lang='lat' dir='ltr'>bello</span> <span class='ocrx_word' id='word_1_192' title='bbox 690 2489 811 2556; x_wconf 81' lang='lat' dir='ltr'>parentis</span> 
     </span>
     <span class='ocr_line' id='line_1_35' title="bbox 65 2557 867 2630; baseline -0.007 -18"><span class='ocrx_word' id='word_1_193' title='bbox 65 2563 184 2613; x_wconf 82' lang='lat' dir='ltr'>Excitne</span> <span class='ocrx_word' id='word_1_194' title='bbox 196 2568 329 2630; x_wconf 70' lang='lat' dir='ltr'>pugnant,</span> <span class='ocrx_word' id='word_1_195' title='bbox 342 2567 371 2614; x_wconf 89' lang='lat' dir='ltr'>et</span> <span class='ocrx_word' id='word_1_196' title='bbox 381 2562 455 2629; x_wconf 83' lang='lat' dir='ltr'>ripas</span> <span class='ocrx_word' id='word_1_197' title='bbox 467 2562 586 2628; x_wconf 90' lang='lat' dir='ltr'>perdidit</span> <span class='ocrx_word' id='word_1_198' title='bbox 597 2563 690 2612; x_wconf 84' lang='lat' dir='ltr'>amnis.</span> <span class='ocrx_word' id='word_1_199' title='bbox 815 2557 867 2607; x_wconf 81' lang='grc'>660</span> 
     </span>
    </p>
   </div>
   <div class='ocr_carea' id='block_1_3' title="bbox 65 2629 826 2757">
    <p class='ocr_par' dir='ltr' id='par_1_3' title="bbox 65 2629 826 2757">
     <span class='ocr_line' id='line_1_36' title="bbox 65 2629 826 2757; baseline -0.014 -74"><span class='ocrx_word' id='word_1_200' title='bbox 65 2633 139 2683; x_wconf 87' lang='lat' dir='ltr'>Tum</span> <span class='ocrx_word' id='word_1_201' title='bbox 150 2631 275 2682; x_wconf 84' lang='lat' dir='ltr'>madidos</span> <span class='ocrx_word' id='word_1_202' title='bbox 287 2633 388 2696; x_wconf 76' lang='lat' dir='ltr'>onnes,</span> <span class='ocrx_word' id='word_1_203' title='bbox 400 2636 429 2682; x_wconf 92' lang='lat' dir='ltr'>et</span> <span class='ocrx_word' id='word_1_204' title='bbox 439 2630 540 2757; x_wconf 59' lang='lat' dir='ltr'>glauce</span> <span class='ocrx_word' id='word_1_205' title='bbox 548 2631 653 2683; x_wconf 82' lang='lat' dir='ltr'>ironde</span> <span class='ocrx_word' id='word_1_206' title='bbox 660 2629 826 2682; x_wconf 72' lang='lat' dir='ltr'>reuinctum</span> 
     </span>
    </p>
   </div>
   <div class='ocr_carea' id='block_1_4' title="bbox 63 2699 760 2775">
    <p class='ocr_par' dir='ltr' id='par_1_4' title="bbox 63 2699 760 2775">
     <span class='ocr_line' id='line_1_37' title="bbox 63 2699 760 2775; baseline -0.007 -23"><span class='ocrx_word' id='word_1_207' title='bbox 63 2700 173 2752; x_wconf 82' lang='lat' dir='ltr'>Attollit</span> <span class='ocrx_word' id='word_1_208' title='bbox 182 2714 243 2752; x_wconf 84' lang='lat' dir='ltr'>cum</span> <span class='ocrx_word' id='word_1_209' title='bbox 254 2717 324 2757; x_wconf 77' lang='lat' dir='ltr'>voce</span> <span class='ocrx_word' id='word_1_210' title='bbox 335 2708 431 2775; x_wconf 76' lang='lat' dir='ltr'>caput.</span> <span class='ocrx_word' id='word_1_211' title='bbox 476 2717 604 2757; x_wconf 82' lang='lat' dir='ltr'>oenusne</span> <span class='ocrx_word' id='word_1_212' title='bbox 614 2699 760 2770; x_wconf 67' lang='lat' dir='ltr'>supernus</span> 
     </span>
    </p>
   </div>
   <div class='ocr_carea' id='block_1_5' title="bbox 0 0 964 2962">
    <p class='ocr_par' dir='ltr' id='par_1_5' title="bbox 0 0 964 2962">
     <span class='ocr_line' id='line_1_38' title="bbox 0 0 964 2962; baseline 0 3"><span class='ocrx_word' id='word_1_213' title='bbox 0 0 964 2962; x_wconf 95' lang='lat' dir='ltr'> </span> 
     </span>
    </p>
   </div>
  </div>
 </body>
</html>
