1920 2962
143 165 177 216 te
334 164 362 214 C.
392 160 496 215 leu
524 154 690 215 lTALlCl

143 285 180 336 ut
190 281 322 334 tremulos
332 283 422 349 cuspis
434 282 531 333 ductus
541 283 569 332 iu
579 281 690 349 pulvere
701 281 803 348 signat.

85 357 133 408 260
145 351 292 404 Laudabat
300 350 349 402 leti
357 351 499 413 iuvenem,
512 352 691 418 egregiosque
701 349 812 416 parabo·

144 422 245 476 Ulcisci
256 421 356 472 Consul
365 435 473 483 manes,
485 435 547 470 cum
558 419 618 470 dira
628 433 677 485 per
688 433 770 469 auras

146 493 209 545 Vox
219 491 306 552 venit,
319 495 348 540 et
359 490 478 555 Cryxum
486 488 552 539 torri
563 488 727 539 clamoribus
739 487 812 538 audit

147 561 227 612 Haud
239 569 335 610 notum
344 559 433 609 vultu.
456 556 549 626 Surgit
560 557 706 608 violentior
716 557 760 606 ira

147 631 315 691 Comminus,
327 633 408 695 atque
420 627 515 679 oculos
527 633 623 693 optato
634 627 661 676 in
674 628 812 692 corporet

10 761 13 765 ,
87 702 136 751 265
149 702 235 761 Tum,
246 697 387 750 stimulans
397 703 477 764 grato
488 697 600 763 plausae
610 696 724 746 cervicis
735 693 812 746 hono

147 767 325 834 Cornipedem
341 765 499 833 alloquitur:
518 765 636 834 Vulgum
652 765 812 832 Martemqu

620 847 716 883 norem

148 907 311 966 illactenus,
323 909 352 954 et
361 904 417 954 leto
428 903 551 953 dedimus
563 905 621 953 sine
632 903 741 953 nominc
751 916 812 970 gem

147 966 223 1036 Mox,
234 973 372 1039 Gargano,
381 976 484 1022 vocant
493 969 591 1037 Superi
597 972 752 1022 admaiora.
766 971 812 1024 Vir

148 1045 272 1104 Quantus
283 1038 458 1106 eatcryxusl
469 1039 527 1090 lam
537 1056 608 1091 nunc
619 1041 668 1091 tibi
679 1043 807 1107 praemia

87 1115 137 1163 270
149 1112 241 1173 illum,
252 1107 364 1161 Sidonio
375 1108 523 1176 fulgentem
535 1108 649 1172 ardore,
661 1115 766 1176 tapeta,

147 1179 325 1232 Barbaricum
337 1177 433 1241 decus3
446 1182 474 1228 et
483 1177 563 1230 fulvis
574 1178 712 1230 donabere
723 1178 810 1232 frenis

148 1249 193 1301 Sic
203 1248 290 1310 satus,
301 1262 400 1315 magno
412 1248 532 1312 cryxum
543 1248 662 1298 elamore
675 1247 767 1298 ciebat

147 1322 177 1369 ln
190 1330 321 1384 pugnam,
333 1331 367 1366 ac
377 1331 466 1367 vacuo
478 1317 611 1381 poscebat
620 1318 727 1385 proelia
739 1333 812 1385 camp

120 1387 125 1392 ’
148 1387 206 1439 Nec
216 1386 416 1437 detrectantem
427 1400 478 1451 par
487 1387 530 1436 ira
541 1387 706 1439 accenderat
717 1385 812 1439 hoster

88 1459 137 1507 275
150 1458 185 1508 Ut
194 1458 285 1506 iussae
299 1469 406 1506 cessere
418 1461 506 1518 retro,
518 1459 691 1524 spatiumque
701 1456 812 1510 dcderm

147 1526 220 1576 Hinc
242 1530 323 1592 atque
346 1523 408 1574 hine
424 1525 497 1588 alae,
520 1530 548 1576 et
567 1526 658 1576 medio
674 1527 752 1577 stetit
767 1542 812 1595 aec¹

639 1611 657 1644 u
696 1611 726 1645 a:

149 1665 272 1726 Quantus
283 1661 441 1730 Phlegraeis
452 1664 555 1714 telluris
566 1610 694 1714 aluulimffg¹
700 1665 727 1714 in
740 1667 812 1716 arvis

147 1735 235 1784 Movit
244 1734 322 1801 sigua
332 1734 444 1796 Mimas,
456 1740 484 1784 et
495 1733 601 1784 coelum
613 1735 746 1784 exterruit
758 1750 812 1785 arm

148 1805 253 1854 'Pantus
265 1802 392 1854 semifero
405 1805 511 1868 Cryxus
521 1804 571 1853 sub
583 1810 696 1869 pectore
707 1819 812 1855 murmu

88 1873 138 1923 280
151 1875 289 1940 Torquet,
303 1877 331 1923 et
342 1871 491 1923 horrisonis
502 1872 649 1923 ululatibus
661 1874 742 1940 erigit
752 1875 810 1925 iras

149 1940 270 1992 Nemone
281 1942 409 1990 incensae
421 1946 571 2008 captaeque
583 1941 717 2007 superfuit
728 1943 799 2005 urbi,

148 2013 184 2061 Ut
194 2012 258 2072 tibi,
269 2023 336 2075 quas
346 2008 447 2058 Brenni
458 2011 573 2076 populus
584 2009 717 2062 ferremus
729 2013 758 2061 in
771 2028 812 2063 arr

150 2079 296 2137 Narraret,
308 2076 436 2126 dextrast
448 2078 530 2130 Disce
542 2095 575 2130 en
589 2097 669 2142 nunc,
680 2082 784 2147 inquit:
796 2097 811 2133 e

149 2150 317 2211 Contorquet
328 2146 407 2196 nodis
420 2153 447 2196 et
459 2149 557 2199 obusto
569 2148 669 2200 robore
680 2150 769 2200 diram
806 2188 811 2195 ,

89 2219 137 2267 285
149 2216 200 2269 Vel
211 2220 307 2281 portas
318 2229 447 2280 quassare
464 2217 579 2268 trabem.
609 2217 696 2269 Sonat
705 2219 752 2269 illa
771 2225 812 2271 tre

625 2288 697 2349 dum,

46 2377 51 2383 -
150 2356 187 2404 Ac
198 2353 281 2402 nimio
292 2353 368 2401 iactu
378 2367 501 2405 servasse
512 2357 665 2421 improvida
677 2359 768 2423 campi

149 2422 283 2474 Distentis
295 2423 426 2487 spatium,
440 2426 595 2490 propiorem
606 2427 760 2477 transvolat
771 2425 812 2478 hor

150 2494 198 2542 Cui
221 2489 334 2541 donsul:
352 2492 436 2542 Ferre
457 2490 641 2546 haec-umbris
657 2508 812 2565 proauoque

621 2572 723 2628 mento,

148 2630 237 2690 Quam
248 2629 347 2694 procul
358 2631 504 2682 occumbas
516 2633 638 2698 Tarpeia
648 2634 726 2684 seder
737 2628 812 2703 timp

26 2706 45 2805 'g
63 2696 124 2745 290
130 2699 223 2750 Haud
232 2698 341 2754 licitum
352 2703 429 2756 sacri
440 2701 582 2773 Capitolia
592 2704 812 2755 cerneremus&
