1920 2962
213 107 468 160 PUNICORUM
496 108 577 168 [ΑΒ.
606 108 652 160 lll.
771 110 806 161 bt

61 227 230 281 Herculeam
240 227 323 278 factis
334 241 446 278 servans
457 242 490 277 ac
502 228 611 279 nomine
622 227 733 289 samam,

59 299 196 358 Antaeus,
209 297 364 363 celsumque
375 303 459 363 caput
470 312 552 363 super
562 297 671 364 agmina
680 296 759 347 tollit

61 367 172 420 Venere
182 363 344 432 Aethiopes,
355 380 422 432 gens
433 363 506 415 haud
516 367 658 432 incognita
668 364 740 428 Nilo,
814 365 863 417 265

63 436 117 498 Qui
127 439 259 502 magneta
269 439 377 485 secant:
395 435 460 485 solis
472 432 561 485 honor
570 434 615 485 ille
627 435 738 498 metalli,

61 506 201 556 lntactum
212 501 358 569 chalybem
366 504 456 554 vicino
468 504 569 554 ducere
581 517 658 554 saxo.

60 575 115 625 His
126 572 219 635 simul,
230 573 362 623 immitem
374 578 508 624 testantes
521 587 638 639 corpore
648 571 744 631 solem.

60 643 161 694 Exusti
172 655 271 693 venere
281 640 385 692 Nubae.
414 640 476 692 Non
486 657 569 693 aerea
579 641 673 704 cassis,

61 711 123 765 Ncc
132 710 220 761 lorica
230 711 303 778 riget
312 709 401 772 ferro,
411 725 463 760 nec
473 711 596 762 tenditur
608 726 701 762 arcus:
815 713 868 762 2¹1⁰

62 782 204 846 Tempora
212 779 356 846 multiplici
367 794 427 830 mos
439 785 481 830 est
491 779 638 830 defendere
649 780 713 843 lino,

62 851 101 902 Et
109 848 165 900 liho
177 850 284 899 munire
294 849 380 910 latus,
391 848 581 916 scelerataque
592 850 681 900 succis

63 918 175 986 Spicula
186 918 318 986 dirigere,
329 924 358 970 et
368 917 470 969 ferrum
480 917 613 968 infamare
624 933 737 970 venenu.

63 989 136 1038 Tum
147 988 263 1053 primum
275 990 373 1039 eastns
383 985 551 1038 Phoenicum
564 987 677 1038 tendere
688 990 742 1039 ritu

64 1055 192 1124 Cinyphii
202 1056 323 1107 didicere
334 1057 442 1107 Macae.
472 1054 630 1123 Squalentia
640 1056 727 1108 barba
815 1059 867 1108 2¹15

63 1126 122 1177 Ora
131 1126 209 1176 viris:
228 1124 411 1192 humerosque
421 1131 480 1193 tegi
489 1131 519 1175 nt
528 1126 662 1176 velamine
674 1128 751 1192 capri

62 1193 223 1262 Saetigero:
242 1195 333 1261 panda
343 1205 439 1246 manus
451 1200 493 1246 est
504 1199 612 1245 armata
624 1196 718 1248 cateia

62 1263 224 1317 versicolor
235 1270 332 1315 contra
344 1271 452 1327 caetra,
465 1270 494 1315 et
503 1263 621 1315 falcatus
633 1263 667 1314 ab
678 1271 738 1316 arte

60 1332 144 1384 Ensis
155 1332 378 1398 Adyrmachidis,
390 1350 423 1386 ac
433 1334 512 1385 laevo
523 1336 644 1401 tegmina
656 1349 743 1385 crure.

62 1399 119 1454 Sed
129 1403 230 1453 mensis
242 1417 322 1469 asper
332 1403 462 1471 populus,
473 1405 601 1472 victuque
612 1403 746 1471 maligno:
815 1403 868 1454 280

60 1470 134 1524 Nam
144 1470 234 1522 calida
243 1474 337 1524 tristes
348 1474 443 1541 epulae
454 1479 593 1525 torrentur
605 1488 697 1524 arena.

62 1541 136 1602 Quin
147 1545 176 1591 et
185 1540 301 1607 Massyli
311 1541 444 1610 fulgentia
456 1545 534 1610 signa
543 1542 640 1604 tulere,

59 1609 248 1676 Hesperidum
259 1612 370 1662 veniens
380 1611 449 1663 lucis
461 1611 556 1662 domus
567 1612 662 1662 ultima
673 1618 772 1664 terrae.

60 1677 187 1731 Praebet
196 1680 315 1731 intortos
331 1681 464 1732 demissus
479 1681 581 1730 vertice
594 1682 681 1730 crines

59 1745 191 1801 Bocchus
204 1753 299 1809 ahor,
311 1752 356 1815 qui
366 1754 491 1799 sacratas
500 1749 528 1797 in
537 1748 619 1798 litere
629 1747 719 1808 silvas,
815 1748 867 1804 285

60 1818 151 1885 sitque
162 1818 237 1866 inter
247 1815 360 1867 frondes
370 1817 539 1866 revirescere
548 1815 655 1864 viderat
665 1829 768 1865 aurum.

60 1886 121 1939 Vos
132 1898 242 1953 quoque
254 1884 371 1936 desertis
380 1886 408 1935 in
420 1890 512 1936 castra
522 1883 672 1949 mapalibus
682 1885 737 1947 itis,

60 1955 176 2007 Misceri
185 1954 315 2023 gregibus
328 1953 547 2006 Gaetuliasueta
556 1953 685 2017 ferarum,

60 2022 260 2091 Indomitisque
271 2024 346 2092 loqui
352 2061 360 2086 ,
371 2031 400 2075 et
410 2024 507 2075 sedare
517 2024 640 2075 leonibus
650 2027 719 2075 iras:

25 2090 30 2101 “
61 2091 145 2145 Nulla
155 2092 267 2158 domus3
278 2092 552 2161 plaustrishabitant:
563 2094 866 2161 migrarepcrarvalllb

61 2163 141 2225 Mos,
152 2168 183 2214 et
201 2178 236 2213 ue
248 2169 372 2214 errantes
383 2164 598 2214 circumnectere
609 2169 732 2229 penates.

60 2230 137 2283 Hinc
145 2179 218 2283 misse
229 2231 349 2298 alipedes
358 2237 479 2294 turmae,
489 2233 611 2283 velocior
620 2233 709 2294 Euris,

60 2301 100 2353 et
109 2300 209 2352 doctus
219 2303 314 2370 virgae
326 2303 436 2368 sonipes
446 2303 473 2351 in
485 2308 577 2352 castra
587 2301 712 2352 ruebant.

62 2372 120 2422 Ceu
130 2371 228 2438 pernix
240 2386 301 2421 cum
313 2371 398 2422 densa
410 2371 486 2438 vagis
497 2370 641 2422 latratibus
651 2369 746 2434 implet

61 2440 189 2493 Venator
199 2426 316 2491 dumeta'
320 2439 433 2501 Lacon,
446 2445 493 2490 aut
503 2440 589 2507 exigit
598 2438 699 2490 Umber
813 2440 865 2490 295

61 2507 137 2560 Nare
147 2523 234 2576 sagax
244 2523 260 2559 e
272 2509 340 2560 calle
352 2509 439 2570 seras,
450 2511 598 2575 perterrita
607 2509 662 2558 lnte

60 2578 178 2645 Agmina
188 2579 370 2644 praecipitant
379 2578 505 2628 volucres
516 2577 665 2629 formidine
676 2577 767 2625 cenni.

60 2647 123 2699 llos
135 2647 194 2715 agit
204 2644 276 2698 haud
286 2648 361 2702 laeto
371 2647 466 2715 vultu,
476 2663 532 2701 nec
539 2647 641 2701 Mente
651 2657 772 2701 serena,
