1920 2962
222 150 484 205 PUNlGORUM
512 151 593 215 1213.
624 153 659 204 V.
766 157 816 209 1111

76 277 242 341 increpuere
256 272 333 323 simul
344 270 441 322 feralia
453 271 568 322 classica
577 273 697 340 signum;

76 348 116 397 Ac
125 343 193 396 tube
202 341 330 393 terrificis
341 338 424 408 fregit
433 340 596 391 stridoribus
607 357 695 395 auras.

78 415 143 465 Heu
165 411 257 473 dolor,
277 408 330 460 heu
349 409 492 472 lacrimae,
513 425 565 461 nec
575 415 618 461 tot
638 417 703 530 ¹post
723 414 816 465 secula

553 495 631 532 serae
828 483 887 547 190,
921 486 923 490 “

77 552 219 603 Horresco
231 555 262 599 ut
271 548 408 616 pendente
420 547 508 610 melo,
519 563 570 599 ceu
582 549 680 601 ductor
690 550 726 601 ad
738 566 813 602 arma

75 622 191 673 Exciret
199 619 313 684 Tyrius:
325 616 470 668 latebrosis
482 617 597 669 collibus
606 620 696 682 Astur,

74 692 115 742 Et
124 690 225 756 Libys,
237 692 267 739 et
275 691 352 737 torta
360 687 477 738 Baliaris
488 702 586 738 saevus
597 685 713 753 habena,

75 756 411 825 Erumpunt,multusque
421 755 530 819 Maces,
547 755 746 827 Garamasque,
762 760 817 811 No·

551 841 610 877 mes
629 843 676 878 ue:

76 899 164 959 Tum,
175 910 228 964 quo
239 910 294 945 non
305 895 374 945 alius
384 893 507 944 venalem
517 895 545 944 in
558 844 663 961 proglia
674 897 798 948 dextram
826 897 876 948 195

75 967 163 1018 Ocior
173 965 310 1027 attulerit,
322 963 513 1030 conductaque
523 964 596 1016 belle
606 966 740 1032 probarit,

75 1034 228 1096 Cantaber,
238 1039 267 1086 et
277 1033 373 1102 galeae
386 1038 523 1084 contemto
535 1036 654 1102 tegmine
668 1034 768 1087 Vasco.

74 1100 817 1172 llincpuriterrupes,lacushinc,hincerma,simulque

75 1176 205 1225 Consona
214 1186 269 1224 vox
281 1176 375 1238 urget,
385 1173 491 1238 signum
501 1171 622 1224 clamore
631 1174 760 1236 vicissim,

73 1243 131 1294 Per
142 1241 227 1294 colles
238 1242 327 1306 Tyria
336 1238 571 1292 circumfundente
583 1256 695 1294 corona.
828 1245 878 1294 200

74 1314 208 1364 Avertere
218 1310 272 1361 Dei
281 1309 386 1372 vultus,
397 1308 510 1378 letoque
523 1310 658 1363 dederunt

75 1382 179 1433 Maiori
188 1395 243 1431 non
253 1383 351 1445 sponte
361 1379 466 1431 locum:
476 1381 557 1432 timet
566 1382 625 1448 ipse
637 1384 748 1448 tyranni

72 1452 226 1504 Fortunam
237 1449 338 1514 Libyci
347 1450 475 1512 Mavors,
486 1450 654 1520 disiectaque
667 1454 767 1504 crinem

74 1520 226 1572 lllucrimat
235 1519 342 1580 Venus,
353 1524 382 1570 et
392 1519 491 1570 Delum
502 1526 646 1586 pervectus
656 1523 751 1589 Apollo

74 1591 198 1641 Tristem
209 1589 342 1640 maerenti
353 1589 458 1639 solatur
468 1591 577 1655 pectine
588 1590 699 1643 luctum.
828 1591 877 1640 205

76 1658 158 1720 Solu,
168 1659 318 1725 Appennini
329 1658 451 1709 residens
461 1659 489 1708 in
501 1660 618 1722 vertice,
631 1660 704 1710 diras

73 1730 231 1794 Exspectat
242 1727 341 1778 caedes
351 1728 450 1778 immiti
458 1734 572 1792 pectore
583 1729 661 1779 luno.

73 1799 185 1850 Primee
197 1797 355 1857 Picentum,
365 1801 447 1860 rupto
460 1810 511 1846 ceu
521 1795 630 1845 turbine
642 1795 704 1848 fusa

73 1869 192 1936 Agmina
202 1870 231 1916 et
241 1863 424 1914 Hannibalem
434 1878 514 1914 ruere
523 1868 556 1914 ut
565 1863 673 1926 videre,
686 1863 815 1917 cohortes

75 1934 213 1988 invadunt
222 1933 309 1995 ultro,
321 1937 350 1983 et
360 1947 463 1998 poenas
472 1948 522 2000 pro
535 1937 624 1985 morte
636 1933 737 1998 futura,
829 1939 879 1987 210

77 2004 204 2056 Turbato
216 2005 336 2065 victore,
347 2008 444 2069 petunt
455 2018 572 2054 accensa
581 2004 720 2057 iuventus:

76 2076 129 2138 Et,
141 2073 217 2125 velut
227 2078 322 2138 erepto
333 2072 473 2123 metuendi
482 2073 569 2124 libera
580 2074 667 2137 coelo,

76 2141 206 2196 Manibus
216 2145 277 2209 ipse
287 2143 342 2193 suis
354 2148 513 2209 praesumta
522 2143 631 2208 piacula
640 2146 733 2195 mittit.

75 2211 213 2265 Funditur
223 2212 350 2263 unamino
361 2213 422 2262 nisu
433 2217 462 2262 et
472 2212 653 2265 concordibus
664 2215 737 2265 ausis

76 2282 200 2334 Pilorum
211 2281 239 2331 in
250 2281 359 2332 Poenos
372 2281 491 2344 nimbus,
503 2281 627 2350 fixosque
639 2284 742 2349 repulsi
831 2283 880 2332 215

78 2349 249 2403 Submittunt
261 2350 374 2416 clypeos
385 2356 498 2402 curvato
509 2352 630 2418 pondere
641 2353 698 2404 teli.

76 2420 174 2471 Acrius
186 2417 240 2470 hoc
250 2417 471 2486 rursumLibys,
483 2426 515 2471 ut
523 2423 681 2490 praesentia
690 2422 764 2472 saevi

77 2489 245 2542 Exstimulat
256 2488 347 2551 ducis,
358 2486 501 2541 hortantes
512 2506 542 2541 se
554 2493 666 2558 quisque
676 2491 793 2542 vicissim

77 2559 256 2620 lncumbunt‚
268 2573 416 2626 pressoque
426 2559 572 2627 impellunt
582 2565 702 2628 pectere
709 2566 827 2627 pectus.

77 2629 144 2694 lpse
154 2627 242 2678 facem
255 2628 394 2695 quatiens,
408 2645 442 2684 ac
451 2628 559 2685 flavum
569 2631 715 2700 sunguine
721 2628 820 2678 mium
861 2617 924 2660 Ἡ

71 2695 177 2761 Sparso
188 2711 298 2750 comam
304 2738 312 2765 ,
322 2702 439 2758 medies
451 2704 680 2760 aciesBellona
685 2694 844 2767 pererrat·
