1920 2962
189 293 366 359 Magnanimo
375 291 478 341 invidia
487 291 573 340 virtus
584 294 670 340 caret.
699 286 883 355 Altasepulcn

188 362 319 413 Protinus
332 361 490 421 exstruitur,
502 357 636 426 coeloque
649 356 789 420 educitur,
802 371 857 408 ara

189 432 361 481 Coniectant
370 430 444 481 silvis
454 428 576 496 ingentia
586 426 700 477 robora.
731 426 835 477 Credas

129 501 180 552 390
192 499 334 551 Sidonium
345 498 478 550 cecidisse
489 496 595 548 ducem.
625 496 700 546 Tum
710 500 777 546 tura
787 494 916 563 dapesque,
947 504 952 553 l

189 572 226 620 Et
237 568 336 630 lasces,
349 568 516 634 clypeusque
527 567 579 615 riri
586 602 594 627 ,
606 580 710 631 pompa
721 564 828 628 ultima,
839 562 916 617 fertur.
947 560 952 633 l

190 641 251 705 lpse
261 637 351 688 facem
362 637 490 699 subdens,
501 635 586 697 Laus,
597 634 696 701 inquit,
707 640 791 700 parta
801 634 916 701 perennia

189 706 351 758 Marcellum
361 706 522 757 abstulimus
533 704 626 755 Latio.
655 703 810 769 Deponere
819 701 902 755 iomar

191 777 265 828 Gens
275 776 376 827 ltalrim
386 775 498 826 tandem
510 787 587 824 arma
597 772 671 823 relit.
682 773 743 824 Vos
754 774 794 824 ite
801 772 916 840 superbas

129 846 179 897 395
191 848 344 913 Exsequias
355 846 471 907 animae,
483 850 512 894 et
524 844 644 894 cinerem
656 841 762 894 donate
774 842 885 909 supremi
947 844 952 915 ἶ

188 917 311 967 Muneris
319 915 424 966 officio:
436 928 571 981 nunquam
578 910 697 973 bootibi,
708 911 808 974 Roma,
818 910 914 980 negabo,

190 984 286 1050 [Quod
297 984 399 1034 sirtute
412 985 464 1033 viri
474 982 560 1033 titulis
571 980 706 1032 decorare
718 980 868 1048 sepulcrum

188 1053 309 1121 ingentis
319 1053 391 1103 bellu
403 1052 493 1114 liceat,
506 1065 659 1117 nomenque
671 1048 784 1103 brturos

190 1126 337 1174 :leternunr
348 1124 376 1173 in
387 1122 502 1173 Rutulos
512 1122 602 1188 possis
613 1119 747 1172 mandare
758 1116 888 1188 nepotes]
949 1164 952 1189 ,

127 1195 178 1243 lllll
189 1193 306 1244 :literius
317 1208 369 1260 par
381 1200 462 1260 atque
473 1191 568 1242 cadem
579 1188 692 1240 fortuna
702 1189 829 1241 laborum

189 1261 327 1312 Consulis:
340 1263 495 1311 exanimum
507 1260 617 1326 sonipes
628 1258 663 1309 ad
674 1260 755 1327 signa
765 1260 873 1312 revexit.
950 1308 952 1313 .

187 1330 267 1379 'l'alia
277 1331 303 1378 in
314 1331 442 1379 Ausonia.
472 1328 526 1380 Sed
539 1344 593 1380 non
607 1335 636 1379 et
646 1328 709 1379 talis
719 1330 830 1381 Hiberis

185 1400 330 1448 Annorum
341 1403 454 1448 eventus
466 1400 577 1464 campis.
607 1395 782 1466 Carthaginis
793 1410 879 1451 omum
950 1420 952 1461 i

186 1467 240 1517 Per
250 1466 370 1518 subitum
382 1472 479 1534 raptae
491 1469 587 1534 pernix
597 1468 716 1519 victoria
724 1468 782 1521 late
949 1508 952 1533 ,

128 1535 180 1584 405
192 1536 458 1605 Terrueratgeutea.
487 1537 610 1589 Ducibus
622 1551 686 1604 spes
698 1553 755 1589 una
765 1536 865 1598 salutis,
950 1546 952 1551 '

187 1604 216 1657 Si
228 1608 318 1658 socias
329 1607 532 1675 iungantm'res.
562 1605 722 1675 lugentibus
735 1622 826 1659 orsum
949 1612 952 1619 '

186 1677 321 1743 Auspiciis
332 1678 467 1739 iuvenem,
480 1692 531 1727 ceu
542 1678 633 1742 patria
644 1682 738 1744 gestet
747 1679 776 1728 in
787 1676 864 1728 armis
950 1726 952 1739 ,

184 1747 319 1809 Fulmina,
331 1747 439 1798 sublimi
448 1746 575 1798 vallatam
585 1747 690 1797 vertice
702 1749 803 1798 montis

185 1817 229 1867 Ex
240 1818 326 1869 oculis
338 1817 441 1879 urbem,
455 1816 619 1868 cumulatam
632 1822 726 1885 strage
738 1819 863 1871 tinorum.

123 1885 174 1932 llll
189 1885 250 1936 Non
262 1892 323 1936 toto
335 1889 457 1954 rapuisse
469 1887 521 1949 dic,
533 1900 586 1953 qua
596 1887 714 1938 Martius
725 1885 772 1938 ille

184 1954 323 2005 Hannibal
333 1957 360 2004 in
373 1962 447 2005 terra
458 1960 600 2007 consumto
611 1958 727 2008 verterit
738 1971 819 2019 anno,
946 1952 952 2012 l

185 2022 243 2072 Nec
255 2024 327 2089 pube
339 2025 509 2090 aequandam
521 2039 571 2076 nec
584 2025 811 2091 opunrubertate‚
823 2022 907 2091 Sagun·
950 2064 952 2070 .

660 2100 727 2146 turn.

185 2158 339 2224 Proximus,
353 2164 482 2229 applicito
496 2167 602 2217 saxosis
614 2179 716 2232 aggere
728 2165 811 2226 siliis,
935 2157 942 2214 l

184 2228 338 2293 Tendebat,
351 2231 444 2283 fratris
455 2235 562 2299 spirans
572 2236 695 2302 ingentia
706 2233 792 2296 facta,
889 2295 893 2307 Ι
933 2256 937 2287 r

122 2298 173 2347 415
188 2298 353 2351 Hasdrubal.
366 2301 419 2349 llic
431 2303 523 2364 robur,
535 2305 690 2371 mixtusque
702 2296 904 2355 rebellibusnlru

184 2369 328 2432 Cantaber,
339 2368 383 2419 bic
396 2370 499 2421 volucri
511 2373 609 2423 Mauro
621 2375 761 2439 pernicior
771 2375 860 2424 Astur:

183 2440 327 2507 Tantaque
339 2441 468 2491 maiestas
481 2447 556 2491 terra
566 2445 682 2494 rectoris
694 2442 808 2504 Hibera,

180 2508 344 2561 Hannibalis
355 2516 471 2579 quantus
482 2510 614 2562 Laurenti
628 2519 719 2563 terror
728 2513 756 2562 in
771 2526 825 2563 ora

177 2578 267 2632 F'ortc
280 2580 341 2632 dics
352 2581 579 2649 priscunr'lyriis
589 2581 725 2630 sollemnis
731 2579 857 2631 bonorem

107 2648 164 2700 42⁴¹
176 2651 347 2715 Retulcrat,
361 2668 429 2720 qua,
438 2652 561 2716 primurn
572 2649 630 2697 orsi
638 2644 727 2695 Cardu
755 2646 882 2693 'nundum

166 2725 400 2787 Fundamenta,
411 2735 522 2773 noram
532 2727 654 2780 coepere
663 2710 772 2771 sanquis
787 2707 920 2755 usuam

189 174 241 224 324
384 172 414 223 C.
445 168 549 222 SlLll
577 164 749 219 tuamor
942 27 952 281 1
