1920 2962
47 143 49 148 ’
153 154 205 207 ιιι
344 150 372 200 c.
402 147 506 200 srnrr
534 144 700 197 rrnnrcr

154 276 324 327 concurrere
336 268 432 318 avidae
443 256 548 335 gemes,
558 267 704 333 variosque
716 267 834 320 subacta

154 342 264 408 Pyrene
274 339 349 390 misit
359 336 483 404 populos.
513 335 592 386 Mens
604 335 731 386 omnibus
744 351 807 387 una.

94 415 145 465 28⁰
156 409 314 462 Concordes
325 421 417 475 regem
429 405 576 472 appellant,
585 415 735 472 regemque
745 405 871 457 salutant.

157 479 269 532 Scilicet
278 475 350 528 hunc
360 489 494 526 summum
504 478 605 524 norunt
614 474 725 525 virtutis
736 472 867 528 honorem

157 549 222 611 Sed,
232 552 377 616 postquam
388 544 447 594 miti
457 543 553 594 reiecit
564 557 679 594 munero
687 543 775 607 vultu,

157 618 277 671 Ausonio
287 630 342 665 non
353 613 436 681 dignu
446 614 514 675 viro,
526 611 685 679 patriosque
696 614 819 664 vicissim

159 687 278 740 Edocuit
287 684 366 746 ritus,
378 688 406 733 et
414 683 530 733 Romam
542 681 652 731 nomina
660 695 759 748 regum

98 758 149 810 285
161 753 327 808 Monstravit
336 753 441 804 nescire
452 752 519 818 pati,
530 755 589 800 tom
599 764 694 801 versus
703 751 734 800 in
745 766 839 813 unam,

161 827 237 888 Quae
247 827 344 886 restat,
356 837 458 884 curem,
469 820 542 873 nullo
553 833 636 885 super
645 816 728 871 hoste
738 821 849 884 relicto,

160 896 198 946 Et
208 894 305 945 Latios
316 891 404 954 simul,
415 897 443 941 et
454 890 564 957 vulgum
574 889 725 955 Baetisque
739 890 864 958 Tagique

162 966 311 1023 Convocat,
324 975 357 1011 ac
367 960 457 1010 medio
468 961 496 1010 in
508 963 590 1010 coetu
602 958 641 1008 sic
652 957 753 1009 deinde
760 959 870 1026 proicer

163 1032 278 1094 Quando
289 1031 330 1081 ite
340 1028 507 1080 Coelicoldm
518 1028 596 1079 nobis
608 1041 748 1093 propense
758 1029 870 1080 volunta

101 1102 152 1154 290
163 1102 273 1164 Annuit,
283 1105 406 1151 extremo
418 1097 506 1164 Libys
516 1102 547 1150 ut
556 1097 679 1149 deiectus
691 1097 726 1148 ab
738 1097 808 1150 orbe

162 1173 215 1222 Aut
225 1168 267 1221 his
278 1169 418 1220 occideret
428 1168 540 1234 campis,
551 1171 608 1228 aut,
619 1179 671 1217 axe
682 1167 783 1219 relicto

162 1240 307 1306 Hesperio,
317 1239 421 1305 patries
432 1237 509 1288 exsul
518 1236 650 1287 lustraret
660 1250 775 1289 arenass

161 1311 219 1360 lam
230 1313 322 1359 vestra
332 1306 451 1357 tumulos
460 1312 536 1357 terra
547 1305 689 1356 celebrare
697 1320 826 1358 meorum

161 1378 212 1429 Est
222 1377 336 1436 unimus,
342 1389 493 1441 pacemque
498 1374 564 1425 dere
572 1377 787 1442 exposcentibus
792 1376 870 1428 umbri

102 1447 254 1500 rorulento
264 1443 355 1495 favete
367 1444 444 1511 peri,
455 1449 537 1510 atque
548 1459 629 1497 aures
641 1445 778 1498 advertite
788 1452 870 1498 vestre

162 1513 285 1583 Septima
296 1528 356 1564 cum
367 1514 433 1565 solis
443 1513 622 1565 renovabitur
632 1515 724 1566 orbita
736 1517 826 1578 coelo,

164 1586 268 1653 Quique
285 1585 366 1636 armis
381 1583 510 1652 ferroque
530 1583 636 1648 valent,
658 1587 759 1652 quique
781 1594 841 1638 arte
860 1599 871 1634 r

656 1655 720 1706 endi

164 1725 346 1792 Quadriiugos
358 1722 461 1790 pollent
471 1737 575 1786 currus,
588 1671 655 1791 quisg
660 1726 771 1777 vincere
783 1725 870 1792 plante

163 1793 232 1861 Spes
243 1799 294 1856 est,
305 1799 334 1844 et
344 1793 463 1844 studium
473 1793 568 1844 iaculis
577 1793 719 1860 impellere
730 1800 837 1858 ventos,

101 1863 152 1915 3⁰0
164 1865 268 1926 Adsint‚
279 1873 307 1914 et
317 1861 447 1929 pulchrae
460 1868 566 1914 certent
577 1863 610 1912 de
620 1863 702 1915 laude
714 1879 845 1916 coronae.

162 1932 378 1998 Praemiedigna
386 1931 467 1994 dubo,
474 1946 489 1984 e
496 1931 869 2001 Tyriaspolieinclitaprued

163 2001 221 2052 Nec
232 2001 373 2066 quisquam
383 2004 470 2053 nostri
482 2003 605 2054 discedet
615 2004 737 2055 muneris
750 2018 857 2070 expers

163 2069 208 2121 Sic
219 2069 297 2120 donis
307 2069 417 2138 vulgum
429 2072 592 2139 laudumque
604 2073 730 2139 cupidine
742 2073 870 2124 flammat.

163 2141 273 2206 lamque
285 2139 342 2190 dies
354 2142 497 2206 praedicte
507 2142 612 2204 aderat,
623 2148 760 2210 coetuque
773 2143 870 2194 sonabo

100 2209 151 2260 305
164 2211 308 2260 Innumero
321 2224 440 2274 campus,
452 2211 645 2279 simulatasque
657 2213 755 2263 ordine
766 2213 841 2264 iusto

163 2279 314 2347 Exsequias
325 2284 418 2328 rector
427 2279 547 2330 lacrimis
560 2280 679 2332 ducebat
689 2282 807 2333 obortis.

162 2351 256 2400 Omnis
266 2347 362 2410 Hiber,
374 2349 461 2399 omnis
473 2349 556 2400 Latio
567 2351 617 2401 sub
628 2352 739 2402 nomine
751 2353 831 2403 miles

163 2419 243 2469 Dona
254 2417 360 2480 serunt,
380 2419 544 2486 tumulisque
560 2436 643 2487 super
660 2419 843 2488 flagrantibus
857 2435 870 2470 a

637 2490 712 2540 dunt.

151 2560 231 2630 lpse,
246 2567 349 2614 tenens
359 2559 626 2622 nunclecte,sncre
635 2560 870 2621 nuncplennhqa

75 2628 133 2686 310
144 2633 275 2700 Pocula,
287 2633 450 2687 odoriferis
460 2630 590 2698 aspergit
597 2625 713 2675 nonnus
720 2638 797 2698 anns.

138 2708 221 2763 Tum
236 2721 349 2762 manes
360 2708 457 2760 vocat
468 2691 870 2758 excites,laudesquemnnnm
