<?xml version="1.0" encoding="UTF-8"?>
<!DOCTYPE html PUBLIC "-//W3C//DTD XHTML 1.0 Transitional//EN"
    "http://www.w3.org/TR/xhtml1/DTD/xhtml1-transitional.dtd">
<html xmlns="http://www.w3.org/1999/xhtml" xml:lang="en" lang="en">
 <head>
  <title>
</title>
<meta http-equiv="Content-Type" content="text/html;charset=utf-8" />
  <meta name='ocr-system' content='tesseract 3.04.00' />
  <meta name='ocr-capabilities' content='ocr_page ocr_carea ocr_par ocr_line ocrx_word'/>
</head>
<body>
  <div class='ocr_page' id='page_1' title='image "./punicorumlibrix00italgoog_0082.png"; bbox 0 0 1920 2962; ppageno 0'>
   <div class='ocr_carea' id='block_1_1' title="bbox 203 162 752 217">
    <p class='ocr_par' dir='ltr' id='par_1_1' title="bbox 203 162 752 217">
     <span class='ocr_line' id='line_1_1' title="bbox 203 162 752 217; baseline -0.004 -1"><span class='ocrx_word' id='word_1_1' title='bbox 203 166 238 217; x_wconf 75' lang='grc'><strong>’11</strong></span> <span class='ocrx_word' id='word_1_2' title='bbox 394 166 424 216; x_wconf 83' lang='lat' dir='ltr'><strong>C.</strong></span> <span class='ocrx_word' id='word_1_3' title='bbox 454 162 559 216; x_wconf 87' lang='lat' dir='ltr'><strong>SlLll</strong></span> <span class='ocrx_word' id='word_1_4' title='bbox 586 163 752 216; x_wconf 76' lang='lat' dir='ltr'><strong>lTnLlcl</strong></span> 
     </span>
    </p>
   </div>
   <div class='ocr_carea' id='block_1_2' title="bbox 144 282 947 2785">
    <p class='ocr_par' dir='ltr' id='par_1_2' title="bbox 144 282 947 2785">
     <span class='ocr_line' id='line_1_2' title="bbox 203 282 799 350; baseline -0.007 -13"><span class='ocrx_word' id='word_1_5' title='bbox 203 285 305 337; x_wconf 79' lang='lat' dir='ltr'><strong>Audaci</strong></span> <span class='ocrx_word' id='word_1_6' title='bbox 316 285 410 337; x_wconf 90' lang='lat' dir='ltr'><strong>similis</strong></span> <span class='ocrx_word' id='word_1_7' title='bbox 420 285 533 346; x_wconf 82' lang='lat' dir='ltr'><strong>volucri,</strong></span> <span class='ocrx_word' id='word_1_8' title='bbox 545 284 689 335; x_wconf 76' lang='lat' dir='ltr'><strong>sectabere</strong></span> <span class='ocrx_word' id='word_1_9' title='bbox 698 282 799 350; x_wconf 90' lang='lat' dir='ltr'><strong>pubem</strong></span> 
     </span>
     <span class='ocr_line' id='line_1_3' title="bbox 202 352 944 473; baseline 0.003 -68"><span class='ocrx_word' id='word_1_10' title='bbox 202 356 360 417; x_wconf 73' lang='lat' dir='ltr'><strong>Ausoniam,</strong></span> <span class='ocrx_word' id='word_1_11' title='bbox 371 355 537 423; x_wconf 79' lang='lat' dir='ltr'>multamque</span> <span class='ocrx_word' id='word_1_12' title='bbox 548 352 622 405; x_wconf 83' lang='lat' dir='ltr'><strong>feres</strong></span> <span class='ocrx_word' id='word_1_13' title='bbox 638 368 700 473; x_wconf 56' lang='lat' dir='ltr'><strong>tuq</strong></span> <span class='ocrx_word' id='word_1_14' title='bbox 714 352 849 419; x_wconf 78' lang='lat' dir='ltr'><strong>sauguine</strong></span> <span class='ocrx_word' id='word_1_15' title='bbox 869 368 944 423; x_wconf 73' lang='lat' dir='ltr'><strong>prae·</strong></span> 
     </span>
     <span class='ocr_line' id='line_1_4' title="bbox 701 436 759 483; baseline -0.034 -11"><span class='ocrx_word' id='word_1_16' title='bbox 701 436 759 483; x_wconf 81' lang='lat' dir='ltr'><strong>am3</strong></span> 
     </span>
     <span class='ocr_line' id='line_1_5' title="bbox 144 490 929 561; baseline 0.004 -19"><span class='ocrx_word' id='word_1_17' title='bbox 144 492 193 543; x_wconf 77' lang='lat'><strong>125</strong></span> <span class='ocrx_word' id='word_1_18' title='bbox 205 490 260 543; x_wconf 89' lang='lat' dir='ltr'><strong>Sed</strong></span> <span class='ocrx_word' id='word_1_19' title='bbox 271 507 416 559; x_wconf 84' lang='lat' dir='ltr'><strong>compesce</strong></span> <span class='ocrx_word' id='word_1_20' title='bbox 429 493 530 543; x_wconf 84' lang='lat' dir='ltr'><strong>minas:</strong></span> <span class='ocrx_word' id='word_1_21' title='bbox 551 492 642 542; x_wconf 90' lang='lat' dir='ltr'><strong>renuit</strong></span> <span class='ocrx_word' id='word_1_22' title='bbox 653 491 704 541; x_wconf 90' lang='lat' dir='ltr'><strong>tibi</strong></span> <span class='ocrx_word' id='word_1_23' title='bbox 713 490 826 541; x_wconf 84' lang='lat' dir='ltr'><strong>Daunia</strong></span> <span class='ocrx_word' id='word_1_24' title='bbox 840 506 929 561; x_wconf 73' lang='lat' dir='ltr'><strong>regna</strong></span> 
     </span>
     <span class='ocr_line' id='line_1_6' title="bbox 203 558 921 629; baseline 0.003 -17"><span class='ocrx_word' id='word_1_25' title='bbox 203 563 327 629; x_wconf 80' lang='lat' dir='ltr'>Armiger</span> <span class='ocrx_word' id='word_1_26' title='bbox 339 577 405 614; x_wconf 85' lang='lat' dir='ltr'><strong>ecce</strong></span> <span class='ocrx_word' id='word_1_27' title='bbox 415 562 496 613; x_wconf 89' lang='lat' dir='ltr'><strong>loris.</strong></span> <span class='ocrx_word' id='word_1_28' title='bbox 525 560 618 612; x_wconf 87' lang='lat' dir='ltr'><strong>Nosco</strong></span> <span class='ocrx_word' id='word_1_29' title='bbox 630 566 667 621; x_wconf 90' lang='lat' dir='ltr'><strong>te,</strong></span> <span class='ocrx_word' id='word_1_30' title='bbox 679 574 783 611; x_wconf 86' lang='lat' dir='ltr'><strong>summe</strong></span> <span class='ocrx_word' id='word_1_31' title='bbox 793 558 921 613; x_wconf 87' lang='lat' dir='ltr'><strong>deorum.</strong></span> 
     </span>
     <span class='ocr_line' id='line_1_7' title="bbox 202 628 849 699; baseline 0 -17"><span class='ocrx_word' id='word_1_32' title='bbox 202 633 280 683; x_wconf 79' lang='lat' dir='ltr'><strong>Adsis</strong></span> <span class='ocrx_word' id='word_1_33' title='bbox 292 647 319 692; x_wconf 92' lang='lat' dir='ltr'><strong>o,</strong></span> <span class='ocrx_word' id='word_1_34' title='bbox 331 632 476 699; x_wconf 85' lang='lat' dir='ltr'><strong>firmesque</strong></span> <span class='ocrx_word' id='word_1_35' title='bbox 487 636 562 692; x_wconf 91' lang='lat' dir='ltr'><strong>tuae,</strong></span> <span class='ocrx_word' id='word_1_36' title='bbox 575 635 662 696; x_wconf 82' lang='lat' dir='ltr'><strong>pater,</strong></span> <span class='ocrx_word' id='word_1_37' title='bbox 674 628 746 680; x_wconf 84' lang='lat' dir='ltr'><strong>alitis</strong></span> <span class='ocrx_word' id='word_1_38' title='bbox 757 644 849 682; x_wconf 79' lang='lat' dir='ltr'><strong>omen.</strong></span> 
     </span>
     <span class='ocr_line' id='line_1_8' title="bbox 203 698 947 763; baseline -0.004 -12"><span class='ocrx_word' id='word_1_39' title='bbox 203 700 273 751; x_wconf 88' lang='lat' dir='ltr'><strong>Nam</strong></span> <span class='ocrx_word' id='word_1_40' title='bbox 285 700 335 751; x_wconf 89' lang='lat' dir='ltr'><strong>tibi</strong></span> <span class='ocrx_word' id='word_1_41' title='bbox 347 706 490 752; x_wconf 79' lang='lat' dir='ltr'><strong>servantur</strong></span> <span class='ocrx_word' id='word_1_42' title='bbox 501 702 511 763; x_wconf 70' lang='grc'><strong>1</strong></span> <span class='ocrx_word' id='word_1_43' title='bbox 517 702 543 751; x_wconf 93' lang='lat' dir='ltr'><strong>ni</strong></span> <span class='ocrx_word' id='word_1_44' title='bbox 555 715 626 750; x_wconf 81' lang='lat' dir='ltr'><strong>rano</strong></span> <span class='ocrx_word' id='word_1_45' title='bbox 639 713 719 749; x_wconf 83' lang='lat' dir='ltr'><strong>cassa</strong></span> <span class='ocrx_word' id='word_1_46' title='bbox 728 698 825 749; x_wconf 77' lang='lat' dir='ltr'><strong>volatu</strong></span> <span class='ocrx_word' id='word_1_47' title='bbox 946 752 947 762; x_wconf 42' lang='lat'><strong>,</strong></span> 
     </span>
     <span class='ocr_line' id='line_1_9' title="bbox 203 766 914 837; baseline 0 -16"><span class='ocrx_word' id='word_1_48' title='bbox 203 771 337 821; x_wconf 82' lang='lat' dir='ltr'><strong>Mentitur</strong></span> <span class='ocrx_word' id='word_1_49' title='bbox 347 768 470 837; x_wconf 81' lang='lat' dir='ltr'><strong>Superos</strong></span> <span class='ocrx_word' id='word_1_50' title='bbox 481 772 615 837; x_wconf 79' lang='lat' dir='ltr'>praepes)</span> <span class='ocrx_word' id='word_1_51' title='bbox 626 774 767 836; x_wconf 81' lang='lat' dir='ltr'><strong>postrema</strong></span> <span class='ocrx_word' id='word_1_52' title='bbox 777 766 914 821; x_wconf 74' lang='lat' dir='ltr'><strong>subactae</strong></span> 
     </span>
     <span class='ocr_line' id='line_1_10' title="bbox 146 835 947 906; baseline -0.001 -16"><span class='ocrx_word' id='word_1_53' title='bbox 146 840 194 891; x_wconf 79' lang='grc'><strong>131)</strong></span> <span class='ocrx_word' id='word_1_54' title='bbox 205 841 284 902; x_wconf 86' lang='lat' dir='ltr'><strong>Fata,</strong></span> <span class='ocrx_word' id='word_1_55' title='bbox 295 855 373 906; x_wconf 86' lang='lat' dir='ltr'><strong>puer,</strong></span> <span class='ocrx_word' id='word_1_56' title='bbox 383 839 501 906; x_wconf 81' lang='lat' dir='ltr'><strong>Libyae,</strong></span> <span class='ocrx_word' id='word_1_57' title='bbox 511 846 540 890; x_wconf 90' lang='lat' dir='ltr'><strong>et</strong></span> <span class='ocrx_word' id='word_1_58' title='bbox 549 840 636 889; x_wconf 81' lang='lat' dir='ltr'><strong>maius</strong></span> <span class='ocrx_word' id='word_1_59' title='bbox 654 835 821 903; x_wconf 81' lang='lat' dir='ltr'><strong>Carthagine</strong></span> <span class='ocrx_word' id='word_1_60' title='bbox 838 841 947 891; x_wconf 76' lang='lat' dir='ltr'><strong>nomen</strong></span> 
     </span>
     <span class='ocr_line' id='line_1_11' title="bbox 205 907 947 976; baseline -0.003 -15"><span class='ocrx_word' id='word_1_61' title='bbox 205 912 309 961; x_wconf 81' lang='lat' dir='ltr'><strong>Contra</strong></span> <span class='ocrx_word' id='word_1_62' title='bbox 317 909 392 960; x_wconf 87' lang='lat' dir='ltr'><strong>laeta</strong></span> <span class='ocrx_word' id='word_1_63' title='bbox 400 909 494 976; x_wconf 78' lang='lat' dir='ltr'><strong>Bogus</strong></span> <span class='ocrx_word' id='word_1_64' title='bbox 505 910 593 973; x_wconf 87' lang='lat' dir='ltr'><strong>Tyrio</strong></span> <span class='ocrx_word' id='word_1_65' title='bbox 604 908 679 957; x_wconf 85' lang='lat' dir='ltr'><strong>canit</strong></span> <span class='ocrx_word' id='word_1_66' title='bbox 689 907 782 957; x_wconf 90' lang='lat' dir='ltr'><strong>omina</strong></span> <span class='ocrx_word' id='word_1_67' title='bbox 792 907 870 975; x_wconf 61' lang='grc' dir='ltr'><strong>κείς</strong></span> <span class='ocrx_word' id='word_1_68' title='bbox 946 944 947 959; x_wconf 45' lang='lat' dir='ltr'>r</span> 
     </span>
     <span class='ocr_line' id='line_1_12' title="bbox 204 976 943 1044; baseline 0.001 -16"><span class='ocrx_word' id='word_1_69' title='bbox 204 979 242 1028; x_wconf 88' lang='lat' dir='ltr'><strong>Et</strong></span> <span class='ocrx_word' id='word_1_70' title='bbox 247 976 369 1028; x_wconf 86' lang='lat' dir='ltr'><strong>faustum</strong></span> <span class='ocrx_word' id='word_1_71' title='bbox 376 978 545 1043; x_wconf 87' lang='lat' dir='ltr'><strong>accipitrem,</strong></span> <span class='ocrx_word' id='word_1_72' title='bbox 553 976 943 1044; x_wconf 82' lang='lat' dir='ltr'><strong>caesasqueinnubevolueres</strong></span> 
     </span>
     <span class='ocr_line' id='line_1_13' title="bbox 203 1044 947 1114; baseline 0.003 -17"><span class='ocrx_word' id='word_1_73' title='bbox 203 1045 338 1097; x_wconf 76' lang='lat' dir='ltr'><strong>Aeneadis</strong></span> <span class='ocrx_word' id='word_1_74' title='bbox 350 1044 464 1106; x_wconf 83' lang='lat' dir='ltr'><strong>cladem,</strong></span> <span class='ocrx_word' id='word_1_75' title='bbox 476 1053 504 1097; x_wconf 86' lang='lat' dir='ltr'><strong>et</strong></span> <span class='ocrx_word' id='word_1_76' title='bbox 513 1045 629 1098; x_wconf 88' lang='lat' dir='ltr'><strong>Veneris</strong></span> <span class='ocrx_word' id='word_1_77' title='bbox 640 1045 807 1113; x_wconf 88' lang='lat' dir='ltr'><strong>portendere</strong></span> <span class='ocrx_word' id='word_1_78' title='bbox 817 1048 905 1114; x_wconf 83' lang='lat' dir='ltr'><strong>genti.</strong></span> <span class='ocrx_word' id='word_1_79' title='bbox 946 1076 947 1083; x_wconf 47' lang='lat'>1</span> 
     </span>
     <span class='ocr_line' id='line_1_14' title="bbox 206 1113 947 1182; baseline 0.001 -16"><span class='ocrx_word' id='word_1_80' title='bbox 206 1118 277 1166; x_wconf 92' lang='lat' dir='ltr'><strong>Tum</strong></span> <span class='ocrx_word' id='word_1_81' title='bbox 289 1115 370 1166; x_wconf 87' lang='lat' dir='ltr'><strong>dictis</strong></span> <span class='ocrx_word' id='word_1_82' title='bbox 381 1116 510 1165; x_wconf 84' lang='lat' dir='ltr'><strong>comitem</strong></span> <span class='ocrx_word' id='word_1_83' title='bbox 522 1120 687 1182; x_wconf 85' lang='lat' dir='ltr'><strong>contorquet</strong></span> <span class='ocrx_word' id='word_1_84' title='bbox 698 1116 802 1181; x_wconf 89' lang='lat' dir='ltr'><strong>primus</strong></span> <span class='ocrx_word' id='word_1_85' title='bbox 808 1113 947 1175; x_wconf 63' lang='lat' dir='ltr'><strong>inhostes,</strong></span> 
     </span>
     <span class='ocr_line' id='line_1_15' title="bbox 144 1183 947 1247; baseline 0.004 -12"><span class='ocrx_word' id='word_1_86' title='bbox 144 1186 195 1236; x_wconf 81' lang='grc'><strong>135</strong></span> <span class='ocrx_word' id='word_1_87' title='bbox 207 1186 263 1237; x_wconf 85' lang='lat' dir='ltr'><strong>Ceu</strong></span> <span class='ocrx_word' id='word_1_88' title='bbox 277 1185 411 1237; x_wconf 83' lang='lat' dir='ltr'><strong>suadente</strong></span> <span class='ocrx_word' id='word_1_89' title='bbox 421 1184 483 1235; x_wconf 89' lang='lat' dir='ltr'><strong>Deo</strong></span> <span class='ocrx_word' id='word_1_90' title='bbox 489 1220 497 1247; x_wconf 95' lang='lat'><strong>,</strong></span> <span class='ocrx_word' id='word_1_91' title='bbox 508 1190 537 1234; x_wconf 91' lang='lat' dir='ltr'><strong>et</strong></span> <span class='ocrx_word' id='word_1_92' title='bbox 545 1183 667 1235; x_wconf 85' lang='lat' dir='ltr'><strong>fatorum</strong></span> <span class='ocrx_word' id='word_1_93' title='bbox 678 1186 819 1247; x_wconf 87' lang='lat' dir='ltr'><strong>conscius,</strong></span> <span class='ocrx_word' id='word_1_94' title='bbox 830 1184 947 1237; x_wconf 76' lang='lat' dir='ltr'><strong>hastam:</strong></span> 
     </span>
     <span class='ocr_line' id='line_1_16' title="bbox 205 1253 816 1322; baseline -0.002 -17"><span class='ocrx_word' id='word_1_95' title='bbox 205 1254 256 1305; x_wconf 91' lang='lat' dir='ltr'><strong>llla</strong></span> <span class='ocrx_word' id='word_1_96' title='bbox 267 1254 362 1305; x_wconf 79' lang='lat' dir='ltr'><strong>volans</strong></span> <span class='ocrx_word' id='word_1_97' title='bbox 373 1254 459 1319; x_wconf 86' lang='lat' dir='ltr'><strong>patuli</strong></span> <span class='ocrx_word' id='word_1_98' title='bbox 469 1253 550 1322; x_wconf 83' lang='lat' dir='ltr'><strong>longe</strong></span> <span class='ocrx_word' id='word_1_99' title='bbox 561 1268 610 1320; x_wconf 92' lang='lat' dir='ltr'><strong>per</strong></span> <span class='ocrx_word' id='word_1_100' title='bbox 620 1255 713 1305; x_wconf 85' lang='lat' dir='ltr'><strong>inania</strong></span> <span class='ocrx_word' id='word_1_101' title='bbox 724 1256 816 1320; x_wconf 87' lang='lat' dir='ltr'><strong>campi</strong></span> 
     </span>
     <span class='ocr_line' id='line_1_17' title="bbox 206 1321 853 1390; baseline 0 -15"><span class='ocrx_word' id='word_1_102' title='bbox 206 1325 295 1375; x_wconf 89' lang='lat' dir='ltr'><strong>lcturu</strong></span> <span class='ocrx_word' id='word_1_103' title='bbox 305 1323 464 1390; x_wconf 82' lang='lat' dir='ltr'><strong>perdiderat</strong></span> <span class='ocrx_word' id='word_1_104' title='bbox 473 1324 573 1389; x_wconf 87' lang='lat' dir='ltr'><strong>spatio,</strong></span> <span class='ocrx_word' id='word_1_105' title='bbox 585 1326 621 1386; x_wconf 93' lang='lat' dir='ltr'><strong>ni,</strong></span> <span class='ocrx_word' id='word_1_106' title='bbox 631 1322 708 1375; x_wconf 83' lang='lat' dir='ltr'><strong>fusus</strong></span> <span class='ocrx_word' id='word_1_107' title='bbox 719 1321 853 1387; x_wconf 80' lang='lat' dir='ltr'><strong>habenas,</strong></span> 
     </span>
     <span class='ocr_line' id='line_1_18' title="bbox 205 1392 910 1461; baseline 0.006 -18"><span class='ocrx_word' id='word_1_108' title='bbox 205 1393 278 1443; x_wconf 89' lang='lat' dir='ltr'><strong>Dum</strong></span> <span class='ocrx_word' id='word_1_109' title='bbox 290 1394 394 1459; x_wconf 84' lang='lat' dir='ltr'><strong>primae</strong></span> <span class='ocrx_word' id='word_1_110' title='bbox 406 1392 490 1445; x_wconf 86' lang='lat' dir='ltr'><strong>docus</strong></span> <span class='ocrx_word' id='word_1_111' title='bbox 501 1392 615 1445; x_wconf 85' lang='lat' dir='ltr'><strong>affectat</strong></span> <span class='ocrx_word' id='word_1_112' title='bbox 626 1393 776 1458; x_wconf 80' lang='lat' dir='ltr'><strong>decerpere</strong></span> <span class='ocrx_word' id='word_1_113' title='bbox 787 1407 910 1461; x_wconf 75' lang='lat' dir='ltr'><strong>pugnae,</strong></span> 
     </span>
     <span class='ocr_line' id='line_1_19' title="bbox 206 1462 920 1530; baseline 0.007 -17"><span class='ocrx_word' id='word_1_114' title='bbox 206 1462 295 1513; x_wconf 79' lang='lat' dir='ltr'><strong>Obvia</strong></span> <span class='ocrx_word' id='word_1_115' title='bbox 307 1463 490 1530; x_wconf 88' lang='lat' dir='ltr'><strong>quadrupedis</strong></span> <span class='ocrx_word' id='word_1_116' title='bbox 502 1479 635 1530; x_wconf 85' lang='lat' dir='ltr'><strong>praeceps</strong></span> <span class='ocrx_word' id='word_1_117' title='bbox 647 1463 730 1513; x_wconf 80' lang='lat' dir='ltr'><strong>Gabis</strong></span> <span class='ocrx_word' id='word_1_118' title='bbox 741 1476 792 1512; x_wconf 86' lang='lat' dir='ltr'><strong>ora</strong></span> <span class='ocrx_word' id='word_1_119' title='bbox 802 1464 920 1517; x_wconf 86' lang='lat' dir='ltr'><strong>tulisset.</strong></span> 
     </span>
     <span class='ocr_line' id='line_1_20' title="bbox 146 1529 828 1600; baseline 0.003 -19"><span class='ocrx_word' id='word_1_120' title='bbox 146 1533 197 1582; x_wconf 73' lang='lat' dir='ltr'><strong>llo</strong></span> <span class='ocrx_word' id='word_1_121' title='bbox 209 1529 254 1582; x_wconf 86' lang='lat' dir='ltr'><strong>Sic</strong></span> <span class='ocrx_word' id='word_1_122' title='bbox 265 1533 471 1600; x_wconf 82' lang='lat' dir='ltr'><strong>elanguescens,</strong></span> <span class='ocrx_word' id='word_1_123' title='bbox 482 1548 514 1584; x_wconf 86' lang='lat' dir='ltr'><strong>ac</strong></span> <span class='ocrx_word' id='word_1_124' title='bbox 523 1535 578 1584; x_wconf 87' lang='lat' dir='ltr'><strong>iam</strong></span> <span class='ocrx_word' id='word_1_125' title='bbox 591 1546 699 1595; x_wconf 82' lang='lat' dir='ltr'><strong>casura,</strong></span> <span class='ocrx_word' id='word_1_126' title='bbox 709 1532 828 1597; x_wconf 87' lang='lat' dir='ltr'><strong>petitum</strong></span> 
     </span>
     <span class='ocr_line' id='line_1_21' title="bbox 207 1598 868 1670; baseline 0.005 -19"><span class='ocrx_word' id='word_1_127' title='bbox 207 1603 312 1653; x_wconf 83' lang='lat' dir='ltr'><strong>Invenit</strong></span> <span class='ocrx_word' id='word_1_128' title='bbox 321 1602 427 1665; x_wconf 76' lang='lat' dir='ltr'><strong>vulnus,</strong></span> <span class='ocrx_word' id='word_1_129' title='bbox 439 1603 606 1670; x_wconf 86' lang='lat' dir='ltr'><strong>caedemque</strong></span> <span class='ocrx_word' id='word_1_130' title='bbox 618 1602 727 1667; x_wconf 88' lang='lat' dir='ltr'><strong>accepit</strong></span> <span class='ocrx_word' id='word_1_131' title='bbox 738 1600 772 1651; x_wconf 84' lang='lat' dir='ltr'><strong>ab</strong></span> <span class='ocrx_word' id='word_1_132' title='bbox 783 1598 868 1654; x_wconf 87' lang='lat' dir='ltr'><strong>hoste</strong></span> 
     </span>
     <span class='ocr_line' id='line_1_22' title="bbox 208 1670 914 1736; baseline 0.001 -14"><span class='ocrx_word' id='word_1_133' title='bbox 208 1673 328 1735; x_wconf 81' lang='lat' dir='ltr'><strong>Cornus,</strong></span> <span class='ocrx_word' id='word_1_134' title='bbox 340 1679 369 1724; x_wconf 89' lang='lat' dir='ltr'><strong>et</strong></span> <span class='ocrx_word' id='word_1_135' title='bbox 380 1672 489 1724; x_wconf 86' lang='lat' dir='ltr'><strong>oblatae</strong></span> <span class='ocrx_word' id='word_1_136' title='bbox 499 1674 577 1724; x_wconf 82' lang='lat' dir='ltr'><strong>stetit</strong></span> <span class='ocrx_word' id='word_1_137' title='bbox 586 1673 659 1722; x_wconf 88' lang='lat' dir='ltr'><strong>inter</strong></span> <span class='ocrx_word' id='word_1_138' title='bbox 668 1676 795 1736; x_wconf 84' lang='lat' dir='ltr'><strong>tempora</strong></span> <span class='ocrx_word' id='word_1_139' title='bbox 806 1670 914 1723; x_wconf 76' lang='lat' dir='ltr'><strong>frontis.</strong></span> 
     </span>
     <span class='ocr_line' id='line_1_23' title="bbox 210 1740 914 1810; baseline -0.003 -17"><span class='ocrx_word' id='word_1_140' title='bbox 210 1744 356 1794; x_wconf 89' lang='lat' dir='ltr'><strong>lncurrunt</strong></span> <span class='ocrx_word' id='word_1_141' title='bbox 366 1744 449 1804; x_wconf 81' lang='lat' dir='ltr'><strong>acies,</strong></span> <span class='ocrx_word' id='word_1_142' title='bbox 461 1757 615 1810; x_wconf 79' lang='lat' dir='ltr'><strong>magnoque</strong></span> <span class='ocrx_word' id='word_1_143' title='bbox 626 1740 737 1809; x_wconf 79' lang='lat' dir='ltr'><strong>fragore</strong></span> <span class='ocrx_word' id='word_1_144' title='bbox 747 1755 798 1806; x_wconf 91' lang='lat' dir='ltr'><strong>per</strong></span> <span class='ocrx_word' id='word_1_145' title='bbox 809 1756 914 1809; x_wconf 86' lang='lat' dir='ltr'><strong>aequor</strong></span> 
     </span>
     <span class='ocr_line' id='line_1_24' title="bbox 208 1809 849 1880; baseline -0.002 -17"><span class='ocrx_word' id='word_1_146' title='bbox 208 1810 383 1880; x_wconf 86' lang='lat' dir='ltr'><strong>Suspendant</strong></span> <span class='ocrx_word' id='word_1_147' title='bbox 394 1814 484 1864; x_wconf 87' lang='lat' dir='ltr'><strong>cuncti</strong></span> <span class='ocrx_word' id='word_1_148' title='bbox 496 1812 580 1863; x_wconf 81' lang='lat' dir='ltr'><strong>frenis</strong></span> <span class='ocrx_word' id='word_1_149' title='bbox 591 1811 705 1862; x_wconf 87' lang='lat' dir='ltr'><strong>sublime</strong></span> <span class='ocrx_word' id='word_1_150' title='bbox 717 1809 849 1862; x_wconf 83' lang='lat' dir='ltr'><strong>reductos</strong></span> 
     </span>
     <span class='ocr_line' id='line_1_25' title="bbox 147 1880 911 1949; baseline 0.001 -19"><span class='ocrx_word' id='word_1_151' title='bbox 147 1882 198 1930; x_wconf 80' lang='lat'><strong>145</strong></span> <span class='ocrx_word' id='word_1_152' title='bbox 211 1883 387 1948; x_wconf 82' lang='lat' dir='ltr'><strong>cornipedes,</strong></span> <span class='ocrx_word' id='word_1_153' title='bbox 398 1884 524 1949; x_wconf 91' lang='lat' dir='ltr'><strong>ultroque</strong></span> <span class='ocrx_word' id='word_1_154' title='bbox 536 1881 636 1932; x_wconf 85' lang='lat' dir='ltr'><strong>lerunt.</strong></span> <span class='ocrx_word' id='word_1_155' title='bbox 665 1881 783 1941; x_wconf 78' lang='lat' dir='ltr'><strong>Erectus</strong></span> <span class='ocrx_word' id='word_1_156' title='bbox 792 1880 821 1930; x_wconf 91' lang='lat' dir='ltr'><strong>in</strong></span> <span class='ocrx_word' id='word_1_157' title='bbox 833 1894 911 1931; x_wconf 79' lang='lat' dir='ltr'><strong>auras</strong></span> 
     </span>
     <span class='ocr_line' id='line_1_26' title="bbox 208 1948 907 2018; baseline 0.003 -19"><span class='ocrx_word' id='word_1_158' title='bbox 208 1953 233 2000; x_wconf 92' lang='lat' dir='ltr'><strong>lt</strong></span> <span class='ocrx_word' id='word_1_159' title='bbox 245 1953 363 2017; x_wconf 86' lang='lat' dir='ltr'><strong>sonipes,</strong></span> <span class='ocrx_word' id='word_1_160' title='bbox 374 1951 525 2018; x_wconf 89' lang='lat' dir='ltr'><strong>rapidaque</strong></span> <span class='ocrx_word' id='word_1_161' title='bbox 535 1950 630 2001; x_wconf 83' lang='lat' dir='ltr'><strong>volans</strong></span> <span class='ocrx_word' id='word_1_162' title='bbox 641 1964 691 2015; x_wconf 86' lang='lat' dir='ltr'><strong>per</strong></span> <span class='ocrx_word' id='word_1_163' title='bbox 702 1954 798 2015; x_wconf 89' lang='lat' dir='ltr'><strong>aperta</strong></span> <span class='ocrx_word' id='word_1_164' title='bbox 808 1948 907 2016; x_wconf 84' lang='lat' dir='ltr'><strong>procel</strong></span> 
     </span>
     <span class='ocr_line' id='line_1_27' title="bbox 209 2019 848 2086; baseline 0.002 -18"><span class='ocrx_word' id='word_1_165' title='bbox 209 2020 316 2068; x_wconf 81' lang='lat' dir='ltr'><strong>&#39;l&#39;enuia</strong></span> <span class='ocrx_word' id='word_1_166' title='bbox 325 2020 371 2068; x_wconf 83' lang='lat' dir='ltr'><strong>rix</strong></span> <span class='ocrx_word' id='word_1_167' title='bbox 383 2034 488 2070; x_wconf 86' lang='lat' dir='ltr'><strong>summo</strong></span> <span class='ocrx_word' id='word_1_168' title='bbox 500 2020 617 2086; x_wconf 83' lang='lat' dir='ltr'><strong>vestigia</strong></span> <span class='ocrx_word' id='word_1_169' title='bbox 626 2019 737 2085; x_wconf 80' lang='lat' dir='ltr'><strong>pulvere</strong></span> <span class='ocrx_word' id='word_1_170' title='bbox 748 2019 848 2085; x_wconf 80' lang='lat' dir='ltr'><strong>signat</strong></span> 
     </span>
     <span class='ocr_line' id='line_1_28' title="bbox 208 2087 854 2154; baseline 0.005 -18"><span class='ocrx_word' id='word_1_171' title='bbox 208 2087 340 2137; x_wconf 91' lang='lat' dir='ltr'><strong>Boiorum</strong></span> <span class='ocrx_word' id='word_1_172' title='bbox 352 2092 415 2137; x_wconf 86' lang='lat' dir='ltr'><strong>ante</strong></span> <span class='ocrx_word' id='word_1_173' title='bbox 426 2087 493 2138; x_wconf 85' lang='lat' dir='ltr'><strong>alias</strong></span> <span class='ocrx_word' id='word_1_174' title='bbox 506 2090 597 2154; x_wconf 81' lang='lat' dir='ltr'><strong>Cryxo</strong></span> <span class='ocrx_word' id='word_1_175' title='bbox 609 2088 678 2138; x_wconf 89' lang='lat' dir='ltr'><strong>duce</strong></span> <span class='ocrx_word' id='word_1_176' title='bbox 690 2088 796 2138; x_wconf 85' lang='lat' dir='ltr'><strong>mobilis</strong></span> <span class='ocrx_word' id='word_1_177' title='bbox 809 2088 854 2139; x_wconf 87' lang='lat' dir='ltr'><strong>ala</strong></span> 
     </span>
     <span class='ocr_line' id='line_1_29' title="bbox 207 2156 891 2225; baseline 0.003 -20"><span class='ocrx_word' id='word_1_178' title='bbox 207 2157 312 2207; x_wconf 77' lang='lat' dir='ltr'><strong>¹lr&#39;letat</strong></span> <span class='ocrx_word' id='word_1_179' title='bbox 321 2156 349 2205; x_wconf 90' lang='lat' dir='ltr'><strong>in</strong></span> <span class='ocrx_word' id='word_1_180' title='bbox 361 2157 471 2222; x_wconf 75' lang='lat' dir='ltr'><strong>primos,</strong></span> <span class='ocrx_word' id='word_1_181' title='bbox 485 2159 622 2225; x_wconf 86' lang='lat' dir='ltr'><strong>obicitque</strong></span> <span class='ocrx_word' id='word_1_182' title='bbox 631 2158 761 2208; x_wconf 86' lang='lat' dir='ltr'><strong>immania</strong></span> <span class='ocrx_word' id='word_1_183' title='bbox 772 2158 891 2208; x_wconf 84' lang='lat' dir='ltr'><strong>membra</strong></span> 
     </span>
     <span class='ocr_line' id='line_1_30' title="bbox 150 2225 881 2293; baseline 0.004 -19"><span class='ocrx_word' id='word_1_184' title='bbox 150 2226 198 2275; x_wconf 68' lang='lat' dir='ltr'><strong>loo</strong></span> <span class='ocrx_word' id='word_1_185' title='bbox 210 2226 281 2292; x_wconf 84' lang='lat' dir='ltr'><strong>lpse,</strong></span> <span class='ocrx_word' id='word_1_186' title='bbox 291 2230 399 2276; x_wconf 80' lang='lat' dir='ltr'><strong>trumens</strong></span> <span class='ocrx_word' id='word_1_187' title='bbox 412 2228 507 2290; x_wconf 82' lang='lat' dir='ltr'><strong>atavis,</strong></span> <span class='ocrx_word' id='word_1_188' title='bbox 520 2228 621 2278; x_wconf 86' lang='lat' dir='ltr'><strong>Brenni</strong></span> <span class='ocrx_word' id='word_1_189' title='bbox 633 2243 663 2278; x_wconf 85' lang='lat' dir='ltr'><strong>se</strong></span> <span class='ocrx_word' id='word_1_190' title='bbox 674 2228 758 2293; x_wconf 87' lang='lat' dir='ltr'><strong>stirpe</strong></span> <span class='ocrx_word' id='word_1_191' title='bbox 771 2225 881 2278; x_wconf 78' lang='lat' dir='ltr'><strong>ferebat</strong></span> 
     </span>
     <span class='ocr_line' id='line_1_31' title="bbox 210 2294 881 2363; baseline 0.003 -17"><span class='ocrx_word' id='word_1_192' title='bbox 210 2297 327 2360; x_wconf 84' lang='lat' dir='ltr'><strong>Cryxus,</strong></span> <span class='ocrx_word' id='word_1_193' title='bbox 339 2295 403 2345; x_wconf 90' lang='lat' dir='ltr'><strong>etin</strong></span> <span class='ocrx_word' id='word_1_194' title='bbox 416 2296 510 2347; x_wconf 89' lang='lat' dir='ltr'><strong>titulos</strong></span> <span class='ocrx_word' id='word_1_195' title='bbox 524 2297 660 2362; x_wconf 82' lang='lat' dir='ltr'><strong>Capitolia</strong></span> <span class='ocrx_word' id='word_1_196' title='bbox 671 2301 754 2363; x_wconf 83' lang='lat' dir='ltr'><strong>capta</strong></span> <span class='ocrx_word' id='word_1_197' title='bbox 764 2294 881 2348; x_wconf 83' lang='lat' dir='ltr'><strong>traheba</strong></span> 
     </span>
     <span class='ocr_line' id='line_1_32' title="bbox 209 2364 827 2431; baseline 0.002 -16"><span class='ocrx_word' id='word_1_198' title='bbox 209 2364 384 2431; x_wconf 82' lang='lat' dir='ltr'><strong>&#39;l&#39;arpeioque</strong></span> <span class='ocrx_word' id='word_1_199' title='bbox 392 2365 459 2431; x_wconf 83' lang='lat' dir='ltr'><strong>iugo</strong></span> <span class='ocrx_word' id='word_1_200' title='bbox 470 2366 581 2417; x_wconf 89' lang='lat' dir='ltr'><strong>demens</strong></span> <span class='ocrx_word' id='word_1_201' title='bbox 594 2373 623 2418; x_wconf 87' lang='lat' dir='ltr'><strong>et</strong></span> <span class='ocrx_word' id='word_1_202' title='bbox 631 2368 735 2417; x_wconf 84' lang='lat' dir='ltr'><strong>vertice</strong></span> <span class='ocrx_word' id='word_1_203' title='bbox 745 2380 827 2416; x_wconf 86' lang='lat' dir='ltr'><strong>sacro</strong></span> 
     </span>
     <span class='ocr_line' id='line_1_33' title="bbox 208 2435 834 2502; baseline 0.002 -17"><span class='ocrx_word' id='word_1_204' title='bbox 208 2435 361 2485; x_wconf 87' lang='lat' dir='ltr'><strong>Pensantes</strong></span> <span class='ocrx_word' id='word_1_205' title='bbox 372 2448 466 2484; x_wconf 89' lang='lat' dir='ltr'><strong>aurum</strong></span> <span class='ocrx_word' id='word_1_206' title='bbox 478 2435 568 2487; x_wconf 83' lang='lat' dir='ltr'><strong>Celtas</strong></span> <span class='ocrx_word' id='word_1_207' title='bbox 577 2436 696 2487; x_wconf 82' lang='lat' dir='ltr'><strong>umbone</strong></span> <span class='ocrx_word' id='word_1_208' title='bbox 707 2435 834 2502; x_wconf 79' lang='lat' dir='ltr'><strong>gerebat.</strong></span> 
     </span>
     <span class='ocr_line' id='line_1_34' title="bbox 209 2501 805 2571; baseline 0.002 -17"><span class='ocrx_word' id='word_1_209' title='bbox 209 2502 285 2554; x_wconf 82' lang='lat' dir='ltr'><strong>Golla</strong></span> <span class='ocrx_word' id='word_1_210' title='bbox 295 2504 346 2553; x_wconf 84' lang='lat' dir='ltr'><strong>viri</strong></span> <span class='ocrx_word' id='word_1_211' title='bbox 356 2501 430 2554; x_wconf 82' lang='lat' dir='ltr'><strong>lulvo</strong></span> <span class='ocrx_word' id='word_1_212' title='bbox 440 2505 586 2557; x_wconf 84' lang='lat' dir='ltr'><strong>radiabant</strong></span> <span class='ocrx_word' id='word_1_213' title='bbox 594 2505 686 2556; x_wconf 87' lang='lat' dir='ltr'><strong>lactea</strong></span> <span class='ocrx_word' id='word_1_214' title='bbox 695 2511 805 2571; x_wconf 88' lang='lat' dir='ltr'><strong>torque,</strong></span> 
     </span>
     <span class='ocr_line' id='line_1_35' title="bbox 150 2572 856 2642; baseline 0.007 -20"><span class='ocrx_word' id='word_1_215' title='bbox 150 2572 199 2622; x_wconf 78' lang='lat'><strong>155</strong></span> <span class='ocrx_word' id='word_1_216' title='bbox 209 2574 281 2623; x_wconf 75' lang='lat' dir='ltr'><strong>rluro</strong></span> <span class='ocrx_word' id='word_1_217' title='bbox 291 2573 415 2640; x_wconf 72' lang='lat' dir='ltr'><strong>uirgatae</strong></span> <span class='ocrx_word' id='word_1_218' title='bbox 426 2580 525 2637; x_wconf 84' lang='lat' dir='ltr'><strong>vestes,</strong></span> <span class='ocrx_word' id='word_1_219' title='bbox 537 2576 715 2642; x_wconf 87' lang='lat' dir='ltr'><strong>manicaeque</strong></span> <span class='ocrx_word' id='word_1_220' title='bbox 727 2573 856 2641; x_wconf 81' lang='lat' dir='ltr'><strong>rigebant</strong></span> 
     </span>
     <span class='ocr_line' id='line_1_36' title="bbox 205 2642 836 2705; baseline 0.006 -13"><span class='ocrx_word' id='word_1_221' title='bbox 205 2643 251 2692; x_wconf 83' lang='lat' dir='ltr'><strong>Ex</strong></span> <span class='ocrx_word' id='word_1_222' title='bbox 263 2656 342 2705; x_wconf 86' lang='lat' dir='ltr'><strong>auro,</strong></span> <span class='ocrx_word' id='word_1_223' title='bbox 353 2648 382 2693; x_wconf 89' lang='lat' dir='ltr'><strong>et</strong></span> <span class='ocrx_word' id='word_1_224' title='bbox 392 2644 472 2694; x_wconf 78' lang='lat' dir='ltr'><strong>simili</strong></span> <span class='ocrx_word' id='word_1_225' title='bbox 482 2644 609 2695; x_wconf 77' lang='lat' dir='ltr'><strong>vibrabat</strong></span> <span class='ocrx_word' id='word_1_226' title='bbox 619 2644 703 2694; x_wconf 87' lang='lat' dir='ltr'><strong>crista</strong></span> <span class='ocrx_word' id='word_1_227' title='bbox 712 2642 836 2695; x_wconf 87' lang='lat' dir='ltr'><strong>metallo.</strong></span> 
     </span>
     <span class='ocr_line' id='line_1_37' title="bbox 196 2709 852 2785; baseline 0.002 -23"><span class='ocrx_word' id='word_1_228' title='bbox 196 2709 344 2767; x_wconf 80' lang='lat' dir='ltr'><strong>Sternitur</strong></span> <span class='ocrx_word' id='word_1_229' title='bbox 353 2714 478 2785; x_wconf 87' lang='lat' dir='ltr'><strong>impulsu</strong></span> <span class='ocrx_word' id='word_1_230' title='bbox 488 2720 569 2767; x_wconf 79' lang='lat' dir='ltr'><strong>rasta</strong></span> <span class='ocrx_word' id='word_1_231' title='bbox 578 2712 708 2781; x_wconf 87' lang='lat' dir='ltr'><strong>perculsa</strong></span> <span class='ocrx_word' id='word_1_232' title='bbox 718 2714 852 2763; x_wconf 70' lang='lat' dir='ltr'><strong>eumcum·</strong></span> 
     </span>
    </p>
   </div>
   <div class='ocr_carea' id='block_1_3' title="bbox 0 0 972 2962">
    <p class='ocr_par' dir='ltr' id='par_1_3' title="bbox 0 0 972 2962">
     <span class='ocr_line' id='line_1_38' title="bbox 0 0 972 2962; baseline 0 0"><span class='ocrx_word' id='word_1_233' title='bbox 0 0 972 2962; x_wconf 95' lang='lat' dir='ltr'><strong> </strong></span> 
     </span>
    </p>
   </div>
  </div>
 </body>
</html>
