1920 2962
181 167 436 223 Punicorum
464 170 547 222 [ΑΒ.
570 172 630 222 Vll.
728 174 779 225 151

44 294 128 357 Quam
138 291 240 342 tulerat
251 295 340 341 mater
350 289 426 341 claro
436 290 588 342 Phoenissa
597 291 712 346 Laconi.

44 361 119 414 l'alia
129 360 193 411 dum
203 360 315 422 metuit,
326 374 377 411 nee
388 375 496 428 pugnae
508 361 573 411 lisus
584 362 613 411 in
622 360 702 414 hoste

44 434 111 483 l'am
120 430 231 496 rapido,
241 443 294 480 neo
303 428 401 480 deinde
413 428 511 498 flagae,
523 430 655 482 suadente
666 446 778 498 pavore,

44 501 93 553 Per
103 499 200 551 danaos
212 500 296 549 miser
306 498 335 548 in
346 499 436 549 vicina
447 502 591 550 eacumina
600 515 717 565 quereus

44 572 188 636 llepserat‚
202 574 283 636 atque
295 567 352 618 alta
361 582 422 619 sese
435 568 594 620 occultabat
603 570 630 619 in
640 569 738 620 umbra
789 569 839 620 did

44 638 214 705 Hampsicus,
220 637 348 689 insistens
360 637 482 688 tremulis
493 639 543 689 rub
555 638 677 705 pondere
689 640 780 689 ramis.

44 709 122 760 iluna
131 707 226 775 longa,
237 705 324 757 multa
335 713 473 769 orantem,
487 707 640 770 Carmelus,
651 714 680 759 et
691 708 760 759 altos

44 779 193 829 liutantem
205 775 278 828 saltu
288 790 396 837 ramos,
408 776 613 827 transverberat
624 775 712 828 hasta

44 849 85 911 Ut,
98 846 145 914 qul
154 847 275 898 risoatos
288 845 436 913 populatur
447 845 577 896 arundine
589 847 676 908 lucos,

44 918 111 969 Dum
123 917 243 966 nemoris
255 915 319 965 celsi
332 929 450 981 procera
462 917 605 966 eacumina
615 917 715 967 sensim
790 914 840 967 oti

44 985 676 1052 iubstruotaoartattaoituscontingeremeta,
829 992 835 1002 ·

44 1054 190 1108 Βιώὶίπιεηι
201 1054 307 1106 calamo
319 1055 442 1121 sequitur
454 1061 595 1107 crescente
605 1054 753 1105 volucrem.

44 1125 146 1177 lilludit
155 1125 254 1185 vitam,
266 1129 349 1190 atque
361 1123 415 1174 alte
426 1130 555 1174 manante
568 1125 666 1175 eruore

44 1194 166 1247 henrhra
177 1192 366 1261 pependerunt
377 1199 491 1243 curvato
502 1193 652 1260 exsanguia
664 1206 750 1244 ramo.

44 1265 151 1332 lanaque
160 1263 188 1313 in
199 1262 325 1328 palantes
336 1275 369 1311 oo
378 1276 474 1318 versos
485 1267 565 1330 terga
575 1261 683 1314 feroces
793 1262 843 1315 teo

44 1332 204 1402 Pugnabant
215 1331 289 1392 itali,
300 1331 406 1382 subitus
418 1346 479 1382 oum
489 1331 561 1383 mol'e
571 1333 697 1400 pavenda

44 1402 184 1455 l'erriilcls
192 1400 306 1452 Maurus
319 1403 472 1468 prorumpit
483 1403 596 1470 Tunger
605 1404 633 1453 in
645 1404 735 1453 armis.

47 1472 126 1541 ligra
136 1472 196 1521 viro
207 1471 342 1533 membra,
354 1477 382 1521 et
392 1470 464 1522 furvi
474 1473 538 1540 iuga
549 1472 624 1524 celsa
632 1471 780 1524 trahebant

56 1539 222 1608 ornipedes,
233 1545 362 1608 totusque
372 1558 461 1593 novae
470 1541 622 1593 formidinis
634 1548 693 1594 arte

61 1611 177 1664 ancolor
188 1609 325 1677 aequabat
334 1610 446 1662 liventia
456 1627 551 1662 currus
562 1627 695 1680 equorum
793 1611 844 1664 685

67 1696 147 1750 erga3
159 1693 211 1730 nec
222 1681 322 1730 erectis
334 1681 434 1732 similes
445 1683 588 1746 imponere
601 1683 691 1732 cristis

74 1753 170 1803 asarat
180 1763 297 1815 pennas,
310 1756 423 1817 aterque
433 1750 547 1817 tegebat
558 1752 683 1799 amictus.

79 1837 93 1872 r
105 1817 247 1888 quondam
258 1824 386 1870 aeternae
398 1825 529 1886 regnator
539 1820 642 1878 noetis,
653 1818 688 1867 ad
699 1819 769 1869 imos

85 1905 104 1941 n
116 1887 228 1957 lugeret
239 1886 388 1949 thalamos,
400 1888 535 1939 Hennaea
545 1888 648 1955 iirgine
660 1893 741 1955 rapta

91 1965 102 2010 t
113 1960 270 2027 nigrantem
283 1955 381 2026 Stygia
391 1957 507 2025 ealigine
519 1972 637 2008 currum.
793 1959 845 2012 690

96 2031 168 2090 lato,
180 2034 240 2079 tum
250 2028 457 2095 primasparsus
468 2027 596 2096 lanugine
607 2029 702 2091 malas,

104 2098 120 2148 rl
132 2112 268 2165 peperere
279 2097 363 2149 decus
375 2099 489 2149 Ciroaeo
501 2097 623 2150 Tuscula
633 2099 717 2151 dorso

110 2169 165 2229 ria,
176 2166 298 2218 Laertae
309 2167 447 2235 quondam
458 2176 574 2235 regnata
584 2170 687 2236 nepoti,

119 2251 203 2306 quam
214 2236 340 2288 tardatos
351 2237 462 2288 turbata
473 2237 564 2289 fronte
575 2237 690 2290 Latinos

122 2308 189 2376 pisse
199 2306 315 2375 gradum
325 2305 414 2370 videt,
424 2308 625 2373 imperterritus
636 2311 695 2377 ipse
793 2309 843 2361 695

128 2383 155 2428 ta
167 2375 243 2427 calce
255 2382 337 2444 atque
350 2375 437 2427 eflusa
446 2376 538 2446 largus
549 2376 656 2429 habena

134 2451 221 2498 antem
232 2446 392 2513 impellebat
402 2461 510 2514 equum.
529 2447 722 2517 Negatobiius
733 2449 782 2503 ire.

141 2516 207 2567 sidat
219 2531 299 2568 cassa
310 2519 420 2584 sonipes
432 2519 579 2569 exterritus
590 2517 694 2566 umbra.

147 2586 212 2637 reler
221 2587 248 2636 in
259 2601 378 2655 pugnam
389 2586 473 2640 dorso
485 2586 644 2640 delatusab
655 2586 717 2638 alto

153 2671 175 2706 m
184 2655 281 2722 planta
294 2673 406 2712 currum
420 2662 542 2731 premit,
553 2667 646 2730 atque
655 2657 775 2709 inland
825 2646 891 2695 *iffi

159 2731 247 2797 tergo.
271 2731 410 2788 Cecidere
426 2739 457 2789 et
466 2736 693 2803 lorarepente,
