1920 2962
200 105 451 160 Punicorum
478 109 559 161 [2113.
587 110 660 162 xvi.
758 111 808 164 34³

69 225 129 277 Nec
140 224 222 288 foret,
235 232 283 277 aut
292 228 385 290 ebore,
398 236 446 279 aut
455 228 723 297 solidoquirinceret
729 245 805 294 auro,

70 294 229 347 Gaennnve
239 297 327 364 magis
338 295 446 349 fucaret
456 298 541 349 vellus
552 296 654 349 ahenis.

70 365 129 415 Has
135 364 284 431 adiungere
294 379 361 431 opes
367 365 470 428 aridus,
483 372 667 433 reputansque
673 366 804 431 laborem,

70 431 99 483 Si
108 438 201 496 vertat
211 447 261 484 rex
273 434 308 484 ad
317 434 436 495 Poenos,
449 435 515 486 dare
526 436 586 485 vela
597 449 646 501 per
658 435 742 486 altum

70 503 204 569 Imperat,
225 509 307 571 atque
324 505 414 553 animo
429 504 485 554 iarn
500 510 557 554 turn
569 503 661 554 Africa
675 505 746 556 bella
762 520 806 556 ca·

212 582 217 589 '
545 575 639 640 pessit.
816 577 866 627 180

70 639 172 692 Verum
183 640 233 691 ubi·
239 646 408 706 perventum,
420 647 448 691 ct
459 647 554 708 portus
563 648 675 693 tenuere
687 645 806 707 carinae,

70 708 135 771 darn,
147 710 255 775 trepida
265 708 372 778 fugiens
384 725 433 776 per
444 712 569 778 proxirna
579 712 661 763 litora
671 728 770 780 puppe,

69 777 226 829 Hasdrubal
236 777 344 829 efflictis
356 779 452 829 oderat
462 795 533 830 nora
543 780 657 832 foedera
668 797 801 848 quaerens

68 845 168 908 Rebus,
190 852 219 898 et
230 846 264 897 ad
277 848 379 914 Tyrios
390 848 524 915 Massylia
534 851 613 917 signa
623 849 759 902 trahebat.

67 916 176 978 Audito,
187 918 291 982 paritor
302 917 464 983 populorum
474 919 501 968 in
512 933 596 986 regna
606 919 720 971 duorum
815 920 864 972 185

67 986 215 1037 Advenisse
226 985 319 1048 duces,
330 988 376 1054 qui
387 993 447 1037 tota
458 987 529 1038 mole
539 989 673 1051 laborent,

66 1052 283 1121 Disceptcntque
295 1057 386 1117 armis,
397 1062 531 1106 terrarum
543 1063 605 1107 uter
614 1059 731 1123 imperet
737 1059 805 1120 orbi,

66 1123 162 1175 Celsus
172 1129 263 1173 mente
276 1121 389 1191 Syphax
401 1126 485 1174 acciri
493 1126 521 1174 in
533 1131 610 1175 tecto
619 1126 735 1193 benigne

67 1193 198 1258 imperat,
209 1198 237 1240 et
248 1197 326 1245 tanto
337 1194 413 1261 regni
425 1207 454 1243 sa
466 1194 537 1245 tollit
548 1192 661 1245 honore.

65 1264 139 1312 Tum
148 1260 238 1315 laetos
250 1265 361 1315 volvens
373 1263 467 1315 oculos
478 1264 595 1315 adversa
605 1279 655 1331 per
665 1279 721 1327 ora,
815 1266 865 1317 100

62 1329 230 1385 sirinnan
241 1333 342 1386 affatur
353 1335 486 1399 iuvenem,
500 1335 804 1402 ocpriorincipitultro:

66 1402 157 1468 Quam
167 1410 203 1465 te,
214 1404 373 1456 Dardanide
383 1403 572 1472 pulcherrime,
585 1411 675 1455 rncnte
687 1421 785 1457 serena

66 1475 189 1541 Accipio,
198 1475 361 1541 intueorque
367 1475 466 1525 libens!
478 1475 806 1543 quamqueorarecordor

66 1543 173 1595 Laetus
187 1540 340 1608 Scipiadae.
362 1543 487 1594 Revocet
496 1549 545 1593 tua
554 1543 644 1594 forma
656 1551 804 1609 potentem.

67 1612 138 1664 Nam
148 1616 254 1677 repeto,
264 1610 416 1662 Herculeas
427 1609 545 1676 Erythia
556 1612 591 1662 ad
600 1612 683 1662 litora
694 1613 785 1664 Gades
814 1612 864 1664 195
939 1623 940 1626 ’

67 1684 135 1734 Gom
146 1679 236 1732 studio
248 1679 339 1745 pelagi
349 1684 378 1728 ct
390 1680 546 1744 spectandis
556 1680 676 1730 aestibus
688 1681 777 1732 undae

67 1748 220 1810 Venisscrn,
233 1763 347 1815 magnos
356 1749 446 1798 vicina
458 1749 493 1798 ad
504 1747 615 1798 flumina
624 1748 719 1799 Baetis

66 1821 205 1872 Ductores
217 1819 285 1868 miro
298 1817 434 1884 quondam
445 1833 489 1868 rne
500 1832 612 1868 cernere
624 1831 725 1868 amore.

67 1892 139 1940 Turn
150 1887 215 1938 mihi
226 1887 299 1938 dona
310 1888 360 1938 viri
371 1887 474 1954 praeda
484 1886 592 1938 delecta
602 1886 698 1948 tulere,

65 1961 148 2011 Arma
159 1956 246 2020 simui,
259 1972 396 2025 regnoque
408 1971 469 2008 meo
479 1963 536 2007 tum
549 1957 659 2024 cognito
670 1958 784 2023 primunr
814 1958 865 2007 100

66 2027 251 2094 Cornipedurn
261 2026 353 2090 frena,
371 2034 453 2095 atque
465 2043 558 2089 arcus,
575 2031 635 2094 quis
646 2027 744 2078 ccderc
756 2042 804 2078 no·

542 2102 599 2146 stra

65 2166 128 2219 Non
138 2172 239 2217 norunt
249 2164 348 2227 iacula,
360 2173 388 2216 et
397 2171 505 2218 veteres
517 2167 637 2217 tribuere
647 2164 793 2232 magistros

65 2236 191 2296 Militiae,
203 2237 249 2303 qui
259 2234 396 2301 dispersas
407 2237 464 2287 sine
476 2236 537 2304 lege
549 2242 674 2288 catervas
751 2263 755 2269 ·

67 2307 169 2358 Vestro
178 2303 331 2355 formarent
340 2305 395 2356 ritu
405 2305 440 2356 ad
452 2307 603 2358 certamina
613 2305 720 2356 Martis.

67 2377 116 2426 Ast
126 2389 187 2442 ego,
201 2389 262 2425 curn
273 2375 411 2435 vestro(in
420 2376 521 2427 nostris
532 2390 602 2443 quac
613 2372 801 2440 copiarcgnis)
813 2369 864 2421 105

65 2443 146 2495 Nunc
157 2444 215 2494 auri
229 2441 338 2505 ferrern,
350 2444 420 2494 nivei
431 2459 503 2495 nunc
513 2457 626 2495 munera
635 2442 732 2503 dentis,

66 2513 111 2565 Nil
121 2512 194 2563 valui
204 2513 338 2578 precibus.
368 2510 447 2564 Solos
458 2513 509 2565 sibi
522 2513 595 2580 oepit
605 2516 730 2579 uterque,

66 2584 142 2643 Quos
151 2579 300 2634 cohibebat
310 2582 379 2636 ebur
390 2584 510 2656 vaginae
520 2582 641 2646 sectibs,
649 2594 745 2634 enses.

52 2657 158 2720 Quare,
170 2672 234 2725 age,
246 2659 344 2714 taetris
359 2664 437 2719 habe
450 2667 576 2718 nostros
584 2663 703 2716 intrare
712 2657 858 2724 penates,
