<?xml version="1.0" encoding="UTF-8"?>
<!DOCTYPE html PUBLIC "-//W3C//DTD XHTML 1.0 Transitional//EN"
    "http://www.w3.org/TR/xhtml1/DTD/xhtml1-transitional.dtd">
<html xmlns="http://www.w3.org/1999/xhtml" xml:lang="en" lang="en">
 <head>
  <title>
</title>
<meta http-equiv="Content-Type" content="text/html;charset=utf-8" />
  <meta name='ocr-system' content='tesseract 3.04.00' />
  <meta name='ocr-capabilities' content='ocr_page ocr_carea ocr_par ocr_line ocrx_word'/>
</head>
<body>
  <div class='ocr_page' id='page_1' title='image "./punicorumlibrix00italgoog_0375.png"; bbox 0 0 1920 2962; ppageno 0'>
   <div class='ocr_carea' id='block_1_1' title="bbox 194 208 832 264">
    <p class='ocr_par' dir='ltr' id='par_1_1' title="bbox 194 208 832 264">
     <span class='ocr_line' id='line_1_1' title="bbox 194 208 832 264; baseline 0 0"><span class='ocrx_word' id='word_1_1' title='bbox 194 209 446 264; x_wconf 72' lang='lat' dir='ltr'><strong>Punicorum</strong></span> <span class='ocrx_word' id='word_1_2' title='bbox 475 208 557 262; x_wconf 74' lang='grc' dir='ltr'><strong>ΜΒ.</strong></span> <span class='ocrx_word' id='word_1_3' title='bbox 582 210 669 264; x_wconf 83' lang='lat' dir='ltr'><strong>xvii.</strong></span> <span class='ocrx_word' id='word_1_4' title='bbox 760 211 832 264; x_wconf 49' lang='lat' dir='ltr'><strong>sit*</strong></span> 
     </span>
    </p>
   </div>
   <div class='ocr_carea' id='block_1_2' title="bbox 71 329 879 2548">
    <p class='ocr_par' dir='ltr' id='par_1_2' title="bbox 71 329 696 401">
     <span class='ocr_line' id='line_1_2' title="bbox 71 329 696 401; baseline -0.008 -14"><span class='ocrx_word' id='word_1_5' title='bbox 71 333 229 401; x_wconf 81' lang='lat' dir='ltr'><strong>Insequitur</strong></span> <span class='ocrx_word' id='word_1_6' title='bbox 238 331 353 383; x_wconf 89' lang='lat' dir='ltr'><strong>sublime</strong></span> <span class='ocrx_word' id='word_1_7' title='bbox 364 329 455 382; x_wconf 78' lang='lat' dir='ltr'><strong>ferens</strong></span> <span class='ocrx_word' id='word_1_8' title='bbox 465 331 634 397; x_wconf 80' lang='lat' dir='ltr'><strong>nigrantibus</strong></span> <span class='ocrx_word' id='word_1_9' title='bbox 646 332 696 382; x_wconf 88' lang='lat' dir='ltr'><strong>alis</strong></span> 
     </span>
    </p>

    <p class='ocr_par' dir='ltr' id='par_1_3' title="bbox 71 399 872 470">
     <span class='ocr_line' id='line_1_3' title="bbox 71 399 872 470; baseline -0.006 -14"><span class='ocrx_word' id='word_1_10' title='bbox 71 405 225 470; x_wconf 77' lang='lat' dir='ltr'>Abruptum</span> <span class='ocrx_word' id='word_1_11' title='bbox 234 400 340 452; x_wconf 86' lang='lat' dir='ltr'><strong>Boreas</strong></span> <span class='ocrx_word' id='word_1_12' title='bbox 351 401 429 467; x_wconf 89' lang='lat' dir='ltr'><strong>ponti</strong></span> <span class='ocrx_word' id='word_1_13' title='bbox 438 399 523 451; x_wconf 84' lang='lat' dir='ltr'><strong>letus:</strong></span> <span class='ocrx_word' id='word_1_14' title='bbox 533 401 641 450; x_wconf 86' lang='lat' dir='ltr'><strong>intonat</strong></span> <span class='ocrx_word' id='word_1_15' title='bbox 652 415 715 451; x_wconf 87' lang='lat' dir='ltr'><strong>acer</strong></span> <span class='ocrx_word' id='word_1_16' title='bbox 821 400 872 451; x_wconf 83' lang='lat'><strong>250</strong></span> 
     </span>
    </p>

    <p class='ocr_par' dir='ltr' id='par_1_4' title="bbox 73 469 785 536">
     <span class='ocr_line' id='line_1_4' title="bbox 73 469 785 536; baseline -0.004 -13"><span class='ocrx_word' id='word_1_17' title='bbox 73 471 204 524; x_wconf 87' lang='lat' dir='ltr'><strong>Discordi</strong></span> <span class='ocrx_word' id='word_1_18' title='bbox 212 469 289 533; x_wconf 75' lang='lat' dir='ltr'><strong>flatu,</strong></span> <span class='ocrx_word' id='word_1_19' title='bbox 300 476 329 522; x_wconf 92' lang='lat' dir='ltr'><strong>et</strong></span> <span class='ocrx_word' id='word_1_20' title='bbox 339 476 446 536; x_wconf 88' lang='lat' dir='ltr'><strong>partem</strong></span> <span class='ocrx_word' id='word_1_21' title='bbox 456 469 530 535; x_wconf 82' lang='lat' dir='ltr'><strong>rapit</strong></span> <span class='ocrx_word' id='word_1_22' title='bbox 540 470 675 536; x_wconf 81' lang='lat' dir='ltr'><strong>aequoris,</strong></span> <span class='ocrx_word' id='word_1_23' title='bbox 686 470 785 520; x_wconf 83' lang='lat' dir='ltr'><strong>Eurus.</strong></span> 
     </span>
    </p>

    <p class='ocr_par' dir='ltr' id='par_1_5' title="bbox 73 535 813 607">
     <span class='ocr_line' id='line_1_5' title="bbox 73 535 813 607; baseline -0.004 -14"><span class='ocrx_word' id='word_1_24' title='bbox 73 542 148 594; x_wconf 83' lang='lat' dir='ltr'><strong>Hinc</strong></span> <span class='ocrx_word' id='word_1_25' title='bbox 159 540 233 607; x_wconf 84' lang='lat' dir='ltr'><strong>rupti</strong></span> <span class='ocrx_word' id='word_1_26' title='bbox 243 538 359 590; x_wconf 85' lang='lat' dir='ltr'><strong>reboare</strong></span> <span class='ocrx_word' id='word_1_27' title='bbox 370 538 435 605; x_wconf 92' lang='lat' dir='ltr'><strong>poli,</strong></span> <span class='ocrx_word' id='word_1_28' title='bbox 446 543 528 605; x_wconf 78' lang='lat' dir='ltr'><strong>etque</strong></span> <span class='ocrx_word' id='word_1_29' title='bbox 539 535 602 589; x_wconf 88' lang='lat' dir='ltr'><strong>hinc</strong></span> <span class='ocrx_word' id='word_1_30' title='bbox 609 537 813 590; x_wconf 84' lang='lat' dir='ltr'><strong>crebramicnre</strong></span> 
     </span>
    </p>

    <p class='ocr_par' dir='ltr' id='par_1_6' title="bbox 75 607 813 673">
     <span class='ocr_line' id='line_1_6' title="bbox 75 607 813 673; baseline -0.007 -10"><span class='ocrx_word' id='word_1_31' title='bbox 75 610 210 672; x_wconf 76' lang='lat' dir='ltr'><strong>Fulmina,</strong></span> <span class='ocrx_word' id='word_1_32' title='bbox 221 610 287 660; x_wconf 88' lang='lat' dir='ltr'><strong>etin</strong></span> <span class='ocrx_word' id='word_1_33' title='bbox 298 608 412 660; x_wconf 76' lang='lat' dir='ltr'><strong>classem</strong></span> <span class='ocrx_word' id='word_1_34' title='bbox 422 621 503 658; x_wconf 85' lang='lat' dir='ltr'><strong>ruere</strong></span> <span class='ocrx_word' id='word_1_35' title='bbox 514 607 687 673; x_wconf 71' lang='lat' dir='ltr'><strong>implacabile</strong></span> <span class='ocrx_word' id='word_1_36' title='bbox 698 607 813 659; x_wconf 80' lang='lat' dir='ltr'><strong>coelum.</strong></span> 
     </span>
    </p>

    <p class='ocr_par' dir='ltr' id='par_1_7' title="bbox 76 675 755 746">
     <span class='ocr_line' id='line_1_7' title="bbox 76 675 755 746; baseline -0.007 -14"><span class='ocrx_word' id='word_1_37' title='bbox 76 683 246 733; x_wconf 77' lang='lat' dir='ltr'>consensere</span> <span class='ocrx_word' id='word_1_38' title='bbox 256 680 343 746; x_wconf 88' lang='lat' dir='ltr'><strong>ignes,</strong></span> <span class='ocrx_word' id='word_1_39' title='bbox 356 678 503 744; x_wconf 84' lang='lat' dir='ltr'><strong>nimbique,</strong></span> <span class='ocrx_word' id='word_1_40' title='bbox 516 681 544 728; x_wconf 90' lang='lat' dir='ltr'><strong>et</strong></span> <span class='ocrx_word' id='word_1_41' title='bbox 555 675 663 740; x_wconf 86' lang='lat' dir='ltr'><strong>fluctus,</strong></span> <span class='ocrx_word' id='word_1_42' title='bbox 674 683 702 728; x_wconf 85' lang='lat' dir='ltr'><strong>et</strong></span> <span class='ocrx_word' id='word_1_43' title='bbox 713 679 755 728; x_wconf 84' lang='lat' dir='ltr'><strong>ira</strong></span> 
     </span>
    </p>

    <p class='ocr_par' dir='ltr' id='par_1_8' title="bbox 74 745 876 815">
     <span class='ocr_line' id='line_1_8' title="bbox 74 745 876 815; baseline -0.01 -12"><span class='ocrx_word' id='word_1_44' title='bbox 74 750 239 810; x_wconf 85' lang='lat' dir='ltr'><strong>Ventorum,</strong></span> <span class='ocrx_word' id='word_1_45' title='bbox 250 753 414 815; x_wconf 88' lang='lat' dir='ltr'><strong>noctemque</strong></span> <span class='ocrx_word' id='word_1_46' title='bbox 424 746 495 798; x_wconf 80' lang='lat' dir='ltr'><strong>freto</strong></span> <span class='ocrx_word' id='word_1_47' title='bbox 506 748 662 813; x_wconf 85' lang='lat' dir='ltr'><strong>imposuere</strong></span> <span class='ocrx_word' id='word_1_48' title='bbox 673 747 811 798; x_wconf 79' lang='lat' dir='ltr'><strong>tenebrae.</strong></span> <span class='ocrx_word' id='word_1_49' title='bbox 825 745 876 796; x_wconf 92' lang='grc'><strong>255</strong></span> 
     </span>
    </p>

    <p class='ocr_par' dir='ltr' id='par_1_9' title="bbox 74 816 781 884">
     <span class='ocr_line' id='line_1_9' title="bbox 74 816 781 884; baseline -0.007 -14"><span class='ocrx_word' id='word_1_50' title='bbox 74 821 160 882; x_wconf 84' lang='lat' dir='ltr'><strong>Ecce,</strong></span> <span class='ocrx_word' id='word_1_51' title='bbox 170 819 274 868; x_wconf 82' lang='lat' dir='ltr'><strong>intorta</strong></span> <span class='ocrx_word' id='word_1_52' title='bbox 284 816 368 879; x_wconf 85' lang='lat' dir='ltr'><strong>Noto,</strong></span> <span class='ocrx_word' id='word_1_53' title='bbox 379 818 543 884; x_wconf 85' lang='lat' dir='ltr'><strong>veniensque</strong></span> <span class='ocrx_word' id='word_1_54' title='bbox 557 831 651 882; x_wconf 91' lang='lat' dir='ltr'><strong>arupe</strong></span> <span class='ocrx_word' id='word_1_55' title='bbox 659 816 781 883; x_wconf 83' lang='lat' dir='ltr'><strong>procella</strong></span> 
     </span>
    </p>

    <p class='ocr_par' dir='ltr' id='par_1_10' title="bbox 75 885 804 954">
     <span class='ocr_line' id='line_1_10' title="bbox 75 885 804 954; baseline -0.007 -14"><span class='ocrx_word' id='word_1_56' title='bbox 75 891 218 940; x_wconf 78' lang='lat' dir='ltr'><strong>Antennae</strong></span> <span class='ocrx_word' id='word_1_57' title='bbox 228 888 362 954; x_wconf 82' lang='lat' dir='ltr'><strong>immugit,</strong></span> <span class='ocrx_word' id='word_1_58' title='bbox 374 887 529 952; x_wconf 76' lang='lat' dir='ltr'><strong>stridorque</strong></span> <span class='ocrx_word' id='word_1_59' title='bbox 539 887 644 936; x_wconf 89' lang='lat' dir='ltr'><strong>immite</strong></span> <span class='ocrx_word' id='word_1_60' title='bbox 654 885 804 946; x_wconf 27' lang='lat' dir='ltr'><strong>rudentum,</strong></span> 
     </span>
    </p>

    <p class='ocr_par' dir='ltr' id='par_1_11' title="bbox 78 954 754 1023">
     <span class='ocr_line' id='line_1_11' title="bbox 78 954 754 1023; baseline -0.006 -15"><span class='ocrx_word' id='word_1_61' title='bbox 78 957 185 1019; x_wconf 81' lang='lat' dir='ltr'><strong>Sibilat,</strong></span> <span class='ocrx_word' id='word_1_62' title='bbox 197 972 229 1008; x_wconf 87' lang='lat' dir='ltr'><strong>ac</strong></span> <span class='ocrx_word' id='word_1_63' title='bbox 240 956 355 1006; x_wconf 87' lang='lat' dir='ltr'><strong>similem</strong></span> <span class='ocrx_word' id='word_1_64' title='bbox 366 957 462 1019; x_wconf 86' lang='lat' dir='ltr'><strong>monti,</strong></span> <span class='ocrx_word' id='word_1_65' title='bbox 472 958 598 1022; x_wconf 82' lang='lat' dir='ltr'><strong>nigrante</strong></span> <span class='ocrx_word' id='word_1_66' title='bbox 609 954 754 1023; x_wconf 81' lang='lat' dir='ltr'><strong>profundo,</strong></span> 
     </span>
    </p>

    <p class='ocr_par' dir='ltr' id='par_1_12' title="bbox 77 1025 764 1092">
     <span class='ocr_line' id='line_1_12' title="bbox 77 1025 764 1092; baseline -0.009 -13"><span class='ocrx_word' id='word_1_67' title='bbox 77 1027 210 1079; x_wconf 88' lang='lat' dir='ltr'><strong>Ductoris</strong></span> <span class='ocrx_word' id='word_1_68' title='bbox 220 1025 322 1092; x_wconf 81' lang='lat' dir='ltr'><strong>frangit</strong></span> <span class='ocrx_word' id='word_1_69' title='bbox 333 1041 415 1092; x_wconf 88' lang='lat' dir='ltr'><strong>super</strong></span> <span class='ocrx_word' id='word_1_70' title='bbox 426 1040 476 1076; x_wconf 82' lang='lat' dir='ltr'><strong>oro</strong></span> <span class='ocrx_word' id='word_1_71' title='bbox 485 1027 632 1076; x_wconf 85' lang='lat' dir='ltr'><strong>trementia</strong></span> <span class='ocrx_word' id='word_1_72' title='bbox 643 1025 764 1075; x_wconf 86' lang='lat' dir='ltr'><strong>fluctum.</strong></span> 
     </span>
    </p>

    <p class='ocr_par' dir='ltr' id='par_1_13' title="bbox 77 1091 877 1161">
     <span class='ocr_line' id='line_1_13' title="bbox 77 1091 877 1161; baseline -0.006 -15"><span class='ocrx_word' id='word_1_73' title='bbox 77 1097 232 1158; x_wconf 81' lang='lat' dir='ltr'><strong>Exclamat,</strong></span> <span class='ocrx_word' id='word_1_74' title='bbox 243 1095 355 1146; x_wconf 84' lang='lat' dir='ltr'><strong>volvens</strong></span> <span class='ocrx_word' id='word_1_75' title='bbox 366 1095 461 1146; x_wconf 89' lang='lat' dir='ltr'><strong>oculos</strong></span> <span class='ocrx_word' id='word_1_76' title='bbox 472 1094 603 1161; x_wconf 87' lang='lat' dir='ltr'><strong>coeloque</strong></span> <span class='ocrx_word' id='word_1_77' title='bbox 616 1093 754 1161; x_wconf 82' lang='lat' dir='ltr'><strong>fretoque:</strong></span> <span class='ocrx_word' id='word_1_78' title='bbox 826 1091 877 1142; x_wconf 78' lang='grc'><strong>260</strong></span> 
     </span>
    </p>

    <p class='ocr_par' dir='ltr' id='par_1_14' title="bbox 78 1163 717 1231">
     <span class='ocr_line' id='line_1_14' title="bbox 78 1163 717 1231; baseline -0.005 -15"><span class='ocrx_word' id='word_1_79' title='bbox 78 1165 165 1227; x_wconf 83' lang='lat' dir='ltr'><strong>Felix,</strong></span> <span class='ocrx_word' id='word_1_80' title='bbox 177 1181 194 1215; x_wconf 93' lang='lat' dir='ltr'><strong>o</strong></span> <span class='ocrx_word' id='word_1_81' title='bbox 205 1164 300 1228; x_wconf 87' lang='lat' dir='ltr'><strong>frater,</strong></span> <span class='ocrx_word' id='word_1_82' title='bbox 311 1163 443 1231; x_wconf 86' lang='lat' dir='ltr'><strong>Dirisque</strong></span> <span class='ocrx_word' id='word_1_83' title='bbox 454 1169 571 1230; x_wconf 83' lang='lat' dir='ltr'><strong>aequate</strong></span> <span class='ocrx_word' id='word_1_84' title='bbox 584 1164 717 1225; x_wconf 86' lang='lat' dir='ltr'><strong>cadendo,</strong></span> 
     </span>
    </p>

    <p class='ocr_par' dir='ltr' id='par_1_15' title="bbox 79 1232 802 1301">
     <span class='ocr_line' id='line_1_15' title="bbox 79 1232 802 1301; baseline -0.007 -14"><span class='ocrx_word' id='word_1_85' title='bbox 79 1233 249 1287; x_wconf 83' lang='lat' dir='ltr'><strong>Hasdrubal!</strong></span> <span class='ocrx_word' id='word_1_86' title='bbox 260 1234 400 1301; x_wconf 86' lang='lat' dir='ltr'><strong>egregium</strong></span> <span class='ocrx_word' id='word_1_87' title='bbox 410 1232 491 1284; x_wconf 78' lang='lat' dir='ltr'><strong>fortis</strong></span> <span class='ocrx_word' id='word_1_88' title='bbox 502 1234 544 1282; x_wconf 90' lang='lat' dir='ltr'><strong>cui</strong></span> <span class='ocrx_word' id='word_1_89' title='bbox 555 1233 670 1283; x_wconf 85' lang='lat' dir='ltr'><strong>dexteru</strong></span> <span class='ocrx_word' id='word_1_90' title='bbox 680 1234 707 1282; x_wconf 91' lang='lat' dir='ltr'><strong>in</strong></span> <span class='ocrx_word' id='word_1_91' title='bbox 720 1232 802 1283; x_wconf 85' lang='lat' dir='ltr'><strong>armis</strong></span> 
     </span>
    </p>

    <p class='ocr_par' dir='ltr' id='par_1_16' title="bbox 78 1301 722 1372">
     <span class='ocr_line' id='line_1_16' title="bbox 78 1301 722 1372; baseline -0.005 -16"><span class='ocrx_word' id='word_1_92' title='bbox 78 1305 216 1372; x_wconf 88' lang='lat' dir='ltr'><strong>Pugnanti</strong></span> <span class='ocrx_word' id='word_1_93' title='bbox 226 1303 333 1370; x_wconf 86' lang='lat' dir='ltr'><strong>peperit</strong></span> <span class='ocrx_word' id='word_1_94' title='bbox 342 1303 436 1366; x_wconf 87' lang='lat' dir='ltr'><strong>letum,</strong></span> <span class='ocrx_word' id='word_1_95' title='bbox 448 1308 477 1354; x_wconf 91' lang='lat' dir='ltr'><strong>et</strong></span> <span class='ocrx_word' id='word_1_96' title='bbox 488 1303 531 1353; x_wconf 93' lang='lat' dir='ltr'><strong>cui</strong></span> <span class='ocrx_word' id='word_1_97' title='bbox 542 1301 601 1354; x_wconf 84' lang='lat' dir='ltr'><strong>fota</strong></span> <span class='ocrx_word' id='word_1_98' title='bbox 611 1302 722 1366; x_wconf 85' lang='lat' dir='ltr'><strong>dedere,</strong></span> 
     </span>
    </p>

    <p class='ocr_par' dir='ltr' id='par_1_17' title="bbox 78 1373 793 1440">
     <span class='ocr_line' id='line_1_17' title="bbox 78 1373 793 1440; baseline -0.003 -16"><span class='ocrx_word' id='word_1_99' title='bbox 78 1374 226 1425; x_wconf 83' lang='lat' dir='ltr'><strong>Ausoniam</strong></span> <span class='ocrx_word' id='word_1_100' title='bbox 237 1378 361 1425; x_wconf 84' lang='lat' dir='ltr'><strong>extremo</strong></span> <span class='ocrx_word' id='word_1_101' title='bbox 372 1373 497 1425; x_wconf 87' lang='lat' dir='ltr'><strong>tellurem</strong></span> <span class='ocrx_word' id='word_1_102' title='bbox 510 1373 680 1440; x_wconf 82' lang='lat' dir='ltr'><strong>apprendere</strong></span> <span class='ocrx_word' id='word_1_103' title='bbox 692 1389 793 1424; x_wconf 89' lang='lat' dir='ltr'><strong>morsu.</strong></span> 
     </span>
    </p>

    <p class='ocr_par' dir='ltr' id='par_1_18' title="bbox 78 1440 876 1511">
     <span class='ocr_line' id='line_1_18' title="bbox 78 1440 876 1511; baseline -0.003 -18"><span class='ocrx_word' id='word_1_104' title='bbox 78 1445 113 1493; x_wconf 78' lang='lat' dir='ltr'><strong>At</strong></span> <span class='ocrx_word' id='word_1_105' title='bbox 123 1441 189 1493; x_wconf 90' lang='lat' dir='ltr'><strong>mihi</strong></span> <span class='ocrx_word' id='word_1_106' title='bbox 198 1445 351 1495; x_wconf 86' lang='lat' dir='ltr'><strong>Cannarum</strong></span> <span class='ocrx_word' id='word_1_107' title='bbox 361 1445 473 1511; x_wconf 85' lang='lat' dir='ltr'><strong>campis,</strong></span> <span class='ocrx_word' id='word_1_108' title='bbox 484 1442 531 1494; x_wconf 89' lang='lat' dir='ltr'><strong>ubi</strong></span> <span class='ocrx_word' id='word_1_109' title='bbox 541 1443 662 1506; x_wconf 76' lang='lat' dir='ltr'><strong>Paullus,</strong></span> <span class='ocrx_word' id='word_1_110' title='bbox 673 1450 701 1494; x_wconf 88' lang='lat' dir='ltr'><strong>et</strong></span> <span class='ocrx_word' id='word_1_111' title='bbox 708 1444 771 1494; x_wconf 85' lang='lat' dir='ltr'><strong>illue</strong></span> <span class='ocrx_word' id='word_1_112' title='bbox 826 1440 876 1492; x_wconf 85' lang='grc'><strong>265</strong></span> 
     </span>
    </p>

    <p class='ocr_par' dir='ltr' id='par_1_19' title="bbox 79 1512 752 1579">
     <span class='ocr_line' id='line_1_19' title="bbox 79 1512 752 1579; baseline -0.003 -15"><span class='ocrx_word' id='word_1_113' title='bbox 79 1513 216 1579; x_wconf 79' lang='lat' dir='ltr'><strong>Egregiae</strong></span> <span class='ocrx_word' id='word_1_114' title='bbox 228 1513 382 1565; x_wconf 86' lang='lat' dir='ltr'><strong>occubuere</strong></span> <span class='ocrx_word' id='word_1_115' title='bbox 394 1516 510 1574; x_wconf 84' lang='lat' dir='ltr'><strong>animae,</strong></span> <span class='ocrx_word' id='word_1_116' title='bbox 521 1512 658 1563; x_wconf 85' lang='lat' dir='ltr'><strong>dimittere</strong></span> <span class='ocrx_word' id='word_1_117' title='bbox 669 1515 752 1562; x_wconf 82' lang='lat' dir='ltr'><strong>ritum</strong></span> 
     </span>
    </p>

    <p class='ocr_par' dir='ltr' id='par_1_20' title="bbox 79 1579 816 1710">
     <span class='ocr_line' id='line_1_20' title="bbox 79 1579 816 1647; baseline -0.004 -14"><span class='ocrx_word' id='word_1_118' title='bbox 79 1581 142 1633; x_wconf 91' lang='lat' dir='ltr'><strong>Non</strong></span> <span class='ocrx_word' id='word_1_119' title='bbox 153 1579 271 1628; x_wconf 84' lang='lat' dir='ltr'><strong>licitum:</strong></span> <span class='ocrx_word' id='word_1_120' title='bbox 293 1581 350 1642; x_wconf 82' lang='lat' dir='ltr'><strong>vel,</strong></span> <span class='ocrx_word' id='word_1_121' title='bbox 373 1596 434 1631; x_wconf 90' lang='lat' dir='ltr'><strong>cum</strong></span> <span class='ocrx_word' id='word_1_122' title='bbox 444 1582 544 1632; x_wconf 83' lang='lat' dir='ltr'><strong>ferrem</strong></span> <span class='ocrx_word' id='word_1_123' title='bbox 554 1581 583 1630; x_wconf 94' lang='lat' dir='ltr'><strong>in</strong></span> <span class='ocrx_word' id='word_1_124' title='bbox 595 1582 729 1647; x_wconf 82' lang='lat' dir='ltr'><strong>Capitolia</strong></span> <span class='ocrx_word' id='word_1_125' title='bbox 743 1581 816 1632; x_wconf 80' lang='lat' dir='ltr'><strong>dunr-</strong></span> 
     </span>
     <span class='ocr_line' id='line_1_21' title="bbox 555 1664 624 1710; baseline 0.029 -12"><span class='ocrx_word' id='word_1_126' title='bbox 555 1664 624 1710; x_wconf 86' lang='lat' dir='ltr'><strong>mas,</strong></span> 
     </span>
    </p>

    <p class='ocr_par' dir='ltr' id='par_1_21' title="bbox 80 1714 691 1782">
     <span class='ocr_line' id='line_1_22' title="bbox 80 1714 691 1782; baseline -0.005 -13"><span class='ocrx_word' id='word_1_127' title='bbox 80 1716 203 1782; x_wconf 87' lang='lat' dir='ltr'><strong>Tarpeio</strong></span> <span class='ocrx_word' id='word_1_128' title='bbox 216 1714 288 1765; x_wconf 85' lang='lat' dir='ltr'><strong>loris</strong></span> <span class='ocrx_word' id='word_1_129' title='bbox 300 1715 438 1767; x_wconf 81' lang='lat' dir='ltr'><strong>admones</strong></span> <span class='ocrx_word' id='word_1_130' title='bbox 449 1716 616 1767; x_wconf 84' lang='lat' dir='ltr'><strong>descendere</strong></span> <span class='ocrx_word' id='word_1_131' title='bbox 626 1717 691 1768; x_wconf 90' lang='lat' dir='ltr'><strong>telo.</strong></span> 
     </span>
    </p>

    <p class='ocr_par' dir='ltr' id='par_1_22' title="bbox 80 1783 683 1847">
     <span class='ocr_line' id='line_1_23' title="bbox 80 1783 683 1847; baseline -0.007 -8"><span class='ocrx_word' id='word_1_132' title='bbox 80 1787 162 1839; x_wconf 84' lang='lat' dir='ltr'><strong>Talin</strong></span> <span class='ocrx_word' id='word_1_133' title='bbox 172 1784 236 1834; x_wconf 91' lang='lat' dir='ltr'><strong>dum</strong></span> <span class='ocrx_word' id='word_1_134' title='bbox 247 1791 361 1847; x_wconf 86' lang='lat' dir='ltr'><strong>maeret,</strong></span> <span class='ocrx_word' id='word_1_135' title='bbox 373 1784 486 1836; x_wconf 84' lang='lat' dir='ltr'><strong>diversis</strong></span> <span class='ocrx_word' id='word_1_136' title='bbox 496 1783 607 1836; x_wconf 85' lang='lat' dir='ltr'><strong>flatibus</strong></span> <span class='ocrx_word' id='word_1_137' title='bbox 619 1791 683 1836; x_wconf 84' lang='lat' dir='ltr'><strong>acta</strong></span> 
     </span>
    </p>

    <p class='ocr_par' dir='ltr' id='par_1_23' title="bbox 79 1854 879 1924">
     <span class='ocr_line' id='line_1_24' title="bbox 79 1854 879 1924; baseline -0.003 -16"><span class='ocrx_word' id='word_1_138' title='bbox 79 1860 110 1910; x_wconf 92' lang='lat' dir='ltr'><strong>ln</strong></span> <span class='ocrx_word' id='word_1_139' title='bbox 123 1855 259 1924; x_wconf 87' lang='lat' dir='ltr'><strong>geminum</strong></span> <span class='ocrx_word' id='word_1_140' title='bbox 272 1854 326 1904; x_wconf 87' lang='lat' dir='ltr'><strong>ruit</strong></span> <span class='ocrx_word' id='word_1_141' title='bbox 337 1854 500 1916; x_wconf 84' lang='lat' dir='ltr'><strong>undulatos,</strong></span> <span class='ocrx_word' id='word_1_142' title='bbox 512 1855 678 1921; x_wconf 88' lang='lat' dir='ltr'><strong>puppimque</strong></span> <span class='ocrx_word' id='word_1_143' title='bbox 689 1855 738 1905; x_wconf 90' lang='lat' dir='ltr'><strong>sub</strong></span> <span class='ocrx_word' id='word_1_144' title='bbox 750 1857 817 1906; x_wconf 88' lang='lat' dir='ltr'><strong>utris</strong></span> <span class='ocrx_word' id='word_1_145' title='bbox 828 1858 879 1906; x_wconf 74' lang='lat' dir='ltr'><strong>lto</strong></span> 
     </span>
    </p>

    <p class='ocr_par' dir='ltr' id='par_1_24' title="bbox 80 1923 787 1993">
     <span class='ocr_line' id='line_1_25' title="bbox 80 1923 787 1993; baseline -0.006 -14"><span class='ocrx_word' id='word_1_146' title='bbox 80 1926 213 1993; x_wconf 84' lang='lat' dir='ltr'><strong>Aequoris</strong></span> <span class='ocrx_word' id='word_1_147' title='bbox 225 1923 370 1991; x_wconf 85' lang='lat' dir='ltr'><strong>aggeribus</strong></span> <span class='ocrx_word' id='word_1_148' title='bbox 382 1923 478 1986; x_wconf 89' lang='lat' dir='ltr'><strong>tenuit,</strong></span> <span class='ocrx_word' id='word_1_149' title='bbox 490 1938 540 1975; x_wconf 90' lang='lat' dir='ltr'><strong>ceu</strong></span> <span class='ocrx_word' id='word_1_150' title='bbox 551 1923 658 1974; x_wconf 88' lang='lat' dir='ltr'><strong>turbine</strong></span> <span class='ocrx_word' id='word_1_151' title='bbox 669 1938 787 1975; x_wconf 84' lang='lat' dir='ltr'><strong>mersam</strong></span> 
     </span>
    </p>

    <p class='ocr_par' dir='ltr' id='par_1_25' title="bbox 80 1993 708 2062">
     <span class='ocr_line' id='line_1_26' title="bbox 80 1993 708 2062; baseline -0.006 -14"><span class='ocrx_word' id='word_1_152' title='bbox 80 1997 156 2057; x_wconf 84' lang='lat' dir='ltr'><strong>Mox,</strong></span> <span class='ocrx_word' id='word_1_153' title='bbox 167 1995 251 2062; x_wconf 88' lang='lat' dir='ltr'><strong>nigris</strong></span> <span class='ocrx_word' id='word_1_154' title='bbox 262 1993 334 2044; x_wconf 83' lang='lat' dir='ltr'><strong>altae</strong></span> <span class='ocrx_word' id='word_1_155' title='bbox 345 1993 424 2060; x_wconf 85' lang='lat' dir='ltr'><strong>pulsu</strong></span> <span class='ocrx_word' id='word_1_156' title='bbox 435 1993 597 2045; x_wconf 81' lang='lat' dir='ltr'><strong>exundantis</strong></span> <span class='ocrx_word' id='word_1_157' title='bbox 609 2008 708 2044; x_wconf 84' lang='lat' dir='ltr'><strong>arenae</strong></span> 
     </span>
    </p>

    <p class='ocr_par' dir='ltr' id='par_1_26' title="bbox 81 2062 764 2126">
     <span class='ocr_line' id='line_1_27' title="bbox 81 2062 764 2126; baseline -0.006 -8"><span class='ocrx_word' id='word_1_158' title='bbox 81 2064 249 2126; x_wconf 82' lang='lat' dir='ltr'><strong>Vorticibus,</strong></span> <span class='ocrx_word' id='word_1_159' title='bbox 260 2065 327 2114; x_wconf 81' lang='lat' dir='ltr'><strong>ratis</strong></span> <span class='ocrx_word' id='word_1_160' title='bbox 337 2062 474 2114; x_wconf 85' lang='lat' dir='ltr'><strong>aetherias</strong></span> <span class='ocrx_word' id='word_1_161' title='bbox 485 2064 617 2114; x_wconf 86' lang='lat' dir='ltr'><strong>remearit</strong></span> <span class='ocrx_word' id='word_1_162' title='bbox 627 2063 662 2113; x_wconf 84' lang='lat' dir='ltr'><strong>ud</strong></span> <span class='ocrx_word' id='word_1_163' title='bbox 674 2077 764 2123; x_wconf 84' lang='lat' dir='ltr'><strong>ouras,</strong></span> 
     </span>
    </p>

    <p class='ocr_par' dir='ltr' id='par_1_27' title="bbox 80 2132 709 2200">
     <span class='ocr_line' id='line_1_28' title="bbox 80 2132 709 2200; baseline -0.008 -13"><span class='ocrx_word' id='word_1_164' title='bbox 80 2137 118 2188; x_wconf 85' lang='lat' dir='ltr'><strong>Et</strong></span> <span class='ocrx_word' id='word_1_165' title='bbox 127 2134 226 2185; x_wconf 86' lang='lat' dir='ltr'><strong>fluctus</strong></span> <span class='ocrx_word' id='word_1_166' title='bbox 239 2148 329 2198; x_wconf 86' lang='lat' dir='ltr'><strong>supra,</strong></span> <span class='ocrx_word' id='word_1_167' title='bbox 342 2138 424 2183; x_wconf 79' lang='lat' dir='ltr'><strong>rento</strong></span> <span class='ocrx_word' id='word_1_168' title='bbox 434 2132 560 2195; x_wconf 89' lang='lat' dir='ltr'><strong>librante,</strong></span> <span class='ocrx_word' id='word_1_169' title='bbox 573 2133 709 2200; x_wconf 85' lang='lat' dir='ltr'><strong>pependit.</strong></span> 
     </span>
    </p>

    <p class='ocr_par' dir='ltr' id='par_1_28' title="bbox 81 2201 879 2271">
     <span class='ocr_line' id='line_1_29' title="bbox 81 2201 879 2271; baseline -0.005 -15"><span class='ocrx_word' id='word_1_170' title='bbox 81 2207 116 2256; x_wconf 83' lang='lat' dir='ltr'><strong>At</strong></span> <span class='ocrx_word' id='word_1_171' title='bbox 128 2205 249 2271; x_wconf 85' lang='lat' dir='ltr'><strong>geminas</strong></span> <span class='ocrx_word' id='word_1_172' title='bbox 256 2201 345 2254; x_wconf 89' lang='lat' dir='ltr'><strong>Notus</strong></span> <span class='ocrx_word' id='word_1_173' title='bbox 354 2203 382 2253; x_wconf 92' lang='lat' dir='ltr'><strong>in</strong></span> <span class='ocrx_word' id='word_1_174' title='bbox 393 2203 521 2270; x_wconf 90' lang='lat' dir='ltr'><strong>scopulos</strong></span> <span class='ocrx_word' id='word_1_175' title='bbox 533 2209 614 2271; x_wconf 84' lang='lat' dir='ltr'><strong>atque</strong></span> <span class='ocrx_word' id='word_1_176' title='bbox 627 2202 739 2254; x_wconf 80' lang='lat' dir='ltr'><strong>horrida</strong></span> <span class='ocrx_word' id='word_1_177' title='bbox 750 2216 818 2254; x_wconf 84' lang='lat' dir='ltr'><strong>saxo</strong></span> <span class='ocrx_word' id='word_1_178' title='bbox 828 2203 879 2253; x_wconf 78' lang='grc'><strong>225</strong></span> 
     </span>
    </p>

    <p class='ocr_par' dir='ltr' id='par_1_29' title="bbox 80 2271 819 2338">
     <span class='ocr_line' id='line_1_30' title="bbox 80 2271 819 2338; baseline -0.004 -13"><span class='ocrx_word' id='word_1_179' title='bbox 80 2275 159 2325; x_wconf 89' lang='lat' dir='ltr'><strong>Dura</strong></span> <span class='ocrx_word' id='word_1_180' title='bbox 169 2278 244 2324; x_wconf 84' lang='lat' dir='ltr'><strong>sorte</strong></span> <span class='ocrx_word' id='word_1_181' title='bbox 255 2273 327 2338; x_wconf 82' lang='lat' dir='ltr'><strong>rapit</strong></span> <span class='ocrx_word' id='word_1_182' title='bbox 333 2273 527 2333; x_wconf 80' lang='lat' dir='ltr'><strong>(miserandum</strong></span> <span class='ocrx_word' id='word_1_183' title='bbox 539 2280 569 2324; x_wconf 86' lang='lat' dir='ltr'><strong>et</strong></span> <span class='ocrx_word' id='word_1_184' title='bbox 577 2273 682 2336; x_wconf 82' lang='lat' dir='ltr'><strong>tristel)</strong></span> <span class='ocrx_word' id='word_1_185' title='bbox 692 2271 819 2323; x_wconf 82' lang='lat' dir='ltr'><strong>biremes.</strong></span> 
     </span>
    </p>

    <p class='ocr_par' dir='ltr' id='par_1_30' title="bbox 80 2342 739 2409">
     <span class='ocr_line' id='line_1_31' title="bbox 80 2342 739 2409; baseline -0.008 -13"><span class='ocrx_word' id='word_1_186' title='bbox 80 2344 245 2409; x_wconf 85' lang='lat' dir='ltr'><strong>increpuere</strong></span> <span class='ocrx_word' id='word_1_187' title='bbox 255 2342 311 2392; x_wconf 88' lang='lat' dir='ltr'><strong>ictu</strong></span> <span class='ocrx_word' id='word_1_188' title='bbox 322 2356 430 2408; x_wconf 87' lang='lat' dir='ltr'><strong>prorae.</strong></span> <span class='ocrx_word' id='word_1_189' title='bbox 460 2343 531 2393; x_wconf 89' lang='lat' dir='ltr'><strong>Tum</strong></span> <span class='ocrx_word' id='word_1_190' title='bbox 542 2344 645 2393; x_wconf 83' lang='lat' dir='ltr'><strong>murice</strong></span> <span class='ocrx_word' id='word_1_191' title='bbox 657 2347 739 2392; x_wconf 82' lang='lat' dir='ltr'><strong>acuto</strong></span> 
     </span>
    </p>

    <p class='ocr_par' dir='ltr' id='par_1_31' title="bbox 80 2412 696 2479">
     <span class='ocr_line' id='line_1_32' title="bbox 80 2412 696 2479; baseline -0.008 -14"><span class='ocrx_word' id='word_1_192' title='bbox 80 2413 225 2465; x_wconf 87' lang='lat' dir='ltr'><strong>Dissiliens</strong></span> <span class='ocrx_word' id='word_1_193' title='bbox 235 2412 335 2474; x_wconf 88' lang='lat' dir='ltr'><strong>sonuit,</strong></span> <span class='ocrx_word' id='word_1_194' title='bbox 346 2416 428 2478; x_wconf 84' lang='lat' dir='ltr'><strong>rupta</strong></span> <span class='ocrx_word' id='word_1_195' title='bbox 439 2427 581 2479; x_wconf 88' lang='lat' dir='ltr'><strong>compage,</strong></span> <span class='ocrx_word' id='word_1_196' title='bbox 595 2412 696 2462; x_wconf 85' lang='lat' dir='ltr'><strong>carina.</strong></span> 
     </span>
    </p>

    <p class='ocr_par' dir='ltr' id='par_1_32' title="bbox 81 2480 808 2548">
     <span class='ocr_line' id='line_1_33' title="bbox 81 2480 808 2548; baseline -0.006 -14"><span class='ocrx_word' id='word_1_197' title='bbox 81 2484 136 2534; x_wconf 88' lang='lat' dir='ltr'><strong>Hic</strong></span> <span class='ocrx_word' id='word_1_198' title='bbox 146 2483 223 2532; x_wconf 81' lang='lat' dir='ltr'><strong>veria</strong></span> <span class='ocrx_word' id='word_1_199' title='bbox 235 2487 298 2531; x_wconf 82' lang='lat' dir='ltr'><strong>unte</strong></span> <span class='ocrx_word' id='word_1_200' title='bbox 311 2481 406 2532; x_wconf 90' lang='lat' dir='ltr'><strong>oculos</strong></span> <span class='ocrx_word' id='word_1_201' title='bbox 417 2480 515 2532; x_wconf 84' lang='lat' dir='ltr'><strong>facies:</strong></span> <span class='ocrx_word' id='word_1_202' title='bbox 527 2486 605 2531; x_wconf 84' lang='lat' dir='ltr'><strong>nutat</strong></span> <span class='ocrx_word' id='word_1_203' title='bbox 616 2493 735 2548; x_wconf 86' lang='lat' dir='ltr'><strong>aequore</strong></span> <span class='ocrx_word' id='word_1_204' title='bbox 747 2484 808 2530; x_wconf 86' lang='lat' dir='ltr'><strong>toto</strong></span> 
     </span>
    </p>
   </div>
   <div class='ocr_carea' id='block_1_3' title="bbox 66 2548 895 2828">
    <p class='ocr_par' dir='ltr' id='par_1_33' title="bbox 79 2548 895 2619">
     <span class='ocr_line' id='line_1_34' title="bbox 79 2548 895 2619; baseline -0.012 -16"><span class='ocrx_word' id='word_1_205' title='bbox 79 2554 163 2603; x_wconf 79' lang='lat' dir='ltr'><strong>Arma</strong></span> <span class='ocrx_word' id='word_1_206' title='bbox 172 2553 252 2613; x_wconf 90' lang='lat' dir='ltr'><strong>inter,</strong></span> <span class='ocrx_word' id='word_1_207' title='bbox 263 2549 513 2619; x_wconf 78' lang='lat' dir='ltr'><strong>galeasquevirom,</strong></span> <span class='ocrx_word' id='word_1_208' title='bbox 523 2548 895 2618; x_wconf 61' lang='lat' dir='ltr'><strong>cristasquerubenxss,uuu</strong></span> 
     </span>
    </p>

    <p class='ocr_par' dir='ltr' id='par_1_34' title="bbox 73 2615 763 2692">
     <span class='ocr_line' id='line_1_35' title="bbox 73 2615 763 2692; baseline -0.01 -21"><span class='ocrx_word' id='word_1_209' title='bbox 73 2621 213 2671; x_wconf 68' lang='lat' dir='ltr'><strong>Florentio</strong></span> <span class='ocrx_word' id='word_1_210' title='bbox 224 2621 335 2686; x_wconf 80' lang='lat' dir='ltr'><strong>capuae</strong></span> <span class='ocrx_word' id='word_1_211' title='bbox 347 2637 431 2692; x_wconf 86' lang='lat' dir='ltr'><strong>gaza,</strong></span> <span class='ocrx_word' id='word_1_212' title='bbox 443 2627 473 2676; x_wconf 90' lang='lat' dir='ltr'><strong>et</strong></span> <span class='ocrx_word' id='word_1_213' title='bbox 483 2615 763 2691; x_wconf 69' lang='lat' dir='ltr'><strong>sepostutriumpixs</strong></span> 
     </span>
    </p>

    <p class='ocr_par' dir='ltr' id='par_1_35' title="bbox 66 2682 873 2828">
     <span class='ocr_line' id='line_1_36' title="bbox 66 2682 873 2766; baseline -0.017 -25"><span class='ocrx_word' id='word_1_214' title='bbox 66 2689 197 2739; x_wconf 85' lang='lat' dir='ltr'><strong>Laurens</strong></span> <span class='ocrx_word' id='word_1_215' title='bbox 207 2691 316 2755; x_wconf 85' lang='lat' dir='ltr'><strong>praeda</strong></span> <span class='ocrx_word' id='word_1_216' title='bbox 326 2693 420 2760; x_wconf 86' lang='lat' dir='ltr'><strong>ducis,</strong></span> <span class='ocrx_word' id='word_1_217' title='bbox 432 2694 581 2766; x_wconf 85' lang='lat' dir='ltr'><strong>tripodes,</strong></span> <span class='ocrx_word' id='word_1_218' title='bbox 590 2682 873 2753; x_wconf 63' lang='lat' dir='ltr'><strong>mensusqusxbes-</strong></span> 
     </span>
     <span class='ocr_line' id='line_1_37' title="bbox 584 2781 670 2828; baseline -0.012 -10"><span class='ocrx_word' id='word_1_219' title='bbox 584 2781 670 2828; x_wconf 84' lang='lat' dir='ltr'><strong>rum,</strong></span> 
     </span>
    </p>
   </div>
   <div class='ocr_carea' id='block_1_4' title="bbox 0 0 973 2962">
    <p class='ocr_par' dir='ltr' id='par_1_36' title="bbox 0 0 973 2962">
     <span class='ocr_line' id='line_1_38' title="bbox 0 0 973 2962; baseline 0 0"><span class='ocrx_word' id='word_1_220' title='bbox 0 0 973 2962; x_wconf 95' lang='lat' dir='ltr'><strong> </strong></span> 
     </span>
    </p>
   </div>
  </div>
 </body>
</html>
