1920 2962
167 186 217 240 ³22
359 186 388 236 (2.
418 183 522 237 SlLll
550 182 719 235 lTlLlcl

104 306 156 358 did
168 306 248 357 Tune
258 311 287 357 et
296 304 431 371 Tyndarii
440 304 537 355 Latias
548 303 673 354 Fortuna
685 303 803 355 Tarenti

165 374 248 425 Auxit
260 388 326 440 opes
338 372 500 441 laudemque
507 371 594 423 simul.
605 370 676 422 Nam
684 371 794 438 perfida
799 372 897 424 moden

165 443 236 495 Urbs
248 443 334 495 Fabio
346 442 455 494 devicta
466 443 533 504 seni,
544 444 701 507 postremus
711 441 740 491 in
753 443 835 495 armis

165 513 298 564 Ductoris
308 511 403 562 titulus
415 512 497 562 cauti.
526 507 757 561 Sollertiatutum

168 584 240 633 Tum
251 595 359 648 quoque
370 580 472 646 adepta
486 579 584 641 decus,
600 580 690 644 captis
705 580 766 661 sino
780 582 897 649 sanguim

645 663 741 700 muns.

107 719 157 770 325
169 718 294 786 Namque
306 724 337 768 ut
354 724 540 784 compertum,
562 718 608 785 qui
619 717 726 837 Pdniffl
741 719 821 787 signa
832 732 896 787 rego-

662 793 702 851 ab

166 858 298 909 Feminea
309 858 386 909 exuri
396 855 515 919 flamma,
526 857 682 923 tacitumque
693 857 805 923 quietae

166 927 237 977 Exin
248 927 342 976 virtuti
353 926 458 993 placuit
469 926 547 976 dolus
555 941 562 974 ε
571 926 613 976 ire
624 927 725 987 sorori,

166 994 238 1047 Nam
251 996 348 1046 castris
359 996 458 1046 eratin
470 994 585 1056 Rutulis,
597 1009 747 1062 germanus
759 1003 860 1048 amatae

168 1063 291 1131 Cogitur,
304 1070 332 1115 et
342 1065 448 1132 magnis
459 1064 604 1115 muliebria
613 1064 724 1115 vincere
738 1066 825 1118 eorda

106 1133 157 1183 830
169 1133 312 1197 Pollicitis,
325 1134 348 1185 si
359 1134 480 1185 reclusas
492 1136 646 1185 tramittere
657 1139 755 1200 portas

169 1204 311 1254 Concedat
320 1203 445 1269 Libycus
455 1209 556 1254 rector.
583 1202 706 1269 Votique
718 1206 823 1269 potitura

166 1272 265 1322 Ericto
277 1271 379 1322 Fabius
390 1271 485 1324 Poeno
499 1271 670 1324 circumdata
680 1271 745 1324 telis

164 1339 337 1390 Incustodita
348 1342 502 1406 penetrarit
513 1343 623 1393 moenia
633 1348 725 1393 nocte.

64 1400 71 1411 '
166 1405 220 1458 Sed
239 1410 362 1474 quisnam
383 1424 494 1461 aversos
503 1409 648 1463 Phoebum
664 1418 731 1531 time
744 1414 853 1482 iungere
867 1408 894 1461 ab

642 1495 711 1531 ure

103 1545 153 1596 335
164 1546 299 1598 Romulea
310 1548 448 1600 dubitaret
459 1564 554 1616 equos,
566 1552 612 1617 qui
622 1557 749 1617 tempore
761 1551 853 1603 eodem

163 1616 325 1668 Marcellum
336 1620 476 1685 acciperet
488 1619 575 1671 letum
587 1621 737 1687 oppetiisse
748 1621 799 1673 sub
810 1616 893 1672 armiri

163 1687 252 1738 Moles
262 1687 309 1739 illa
318 1689 378 1751 riri,
390 1688 534 1756 calidoque
545 1687 672 1740 habitata
684 1689 807 1742 Gradivo

164 1756 297 1821 Pectora,
317 1765 345 1810 et
359 1757 433 1810 haud
449 1758 509 1810 ullis
525 1774 644 1826 unquam
654 1760 824 1881 gemma
834 1760 892 1830 peri·

639 1843 654 1880 ὓ
690 1867 698 1892 ,

164 1894 238 1955 (Heu
251 1897 571 1963 quantumHannibalem
581 1897 658 1949 clara
667 1898 795 1953 fractura
801 1896 894 1960 ruiuab

103 1961 153 2012 340
164 1963 350 2016 Procubucre.
381 1967 459 2019 lacet
470 1969 573 2035 campis
585 1965 762 2037 Carthaginis
772 1968 872 2022 horror.

163 2032 268 2082 Forsan
280 2032 424 2101 Scipiadae
436 2036 555 2088 confecti
566 2039 679 2088 uomina
688 2038 756 2090 belli

162 2101 309 2166 Rapturus‚
321 2107 345 2155 si
356 2107 415 2171 quis
426 2107 537 2173 paulum
548 2108 624 2158 Deus
638 2106 757 2159 adderet
768 2125 842 2161 aero.

163 2169 245 2221 Collis
256 2173 427 2239 Agenoreum
439 2176 585 2228 dirimebat
596 2175 630 2227 ub
643 2191 749 2245 aggere
760 2179 857 2231 vallum

161 2241 294 2291 Ausonio:
308 2241 410 2304 (Dauni
421 2245 532 2298 Mavors
546 2246 712 2298 consederat
724 2250 809 2314 arvis)

69 2369 72 2375 .
100 2309 151 2359 345
164 2312 297 2362 Curarem
309 2326 401 2364 comes
413 2318 442 2363 et
453 2318 550 2366 summi
564 2316 704 2383 Crispinus
715 2314 830 2371 honoris

160 2380 293 2432 Marcello
306 2383 397 2433 socius
408 2387 563 2449 communia
572 2385 645 2437 bella
656 2386 758 2438 ciebat.

157 2449 198 2498 Ad
210 2467 290 2516 quem
300 2451 460 2504 Marcellus:
474 2452 566 2505 Gestit
575 2455 694 2506 lustrare
706 2459 872 2526 propinquas

152 2517 235 2571 Mens
248 2521 341 2586 silvas,
351 2522 498 2591 medioque
506 2524 581 2574 viros
590 2525 734 2590 imponere
748 2529 843 2589 monti,

150 2589 196 2642 Ne
207 2589 303 2659 Libys
315 2594 438 2646 occultis
445 2591 584 2644 tumulum
589 2593 664 2654 uuor
675 2596 877 2658 oceunetausis.

77 2661 134 2713 350
149 2660 183 2715 Si
195 2661 283 2717 cordi
295 2669 355 2728 est,
365 2670 396 2716 te
407 2662 592 2731 particione,
600 2659 848 2720 miledunensem

141 2736 222 2791 Esse
238 2736 344 2791 velim,
374 2733 538 2800 Nunquam
548 2728 653 2779 desunt
661 2723 795 2770 eunardi-a
801 2723 897 2769 dnobus
