1890 3000
207 202 241 254 52
398 202 427 252 (l.
456 198 562 253 811211
588 198 754 253 lTALlcl

207 322 279 372 Dum
290 324 396 372 remeat
407 321 508 383 victor,
518 319 637 370 lacrimis
648 317 784 384 perfudit,
795 325 825 370 et
834 334 927 371 emens

146 388 197 442 435
208 389 308 441 Palluit
316 391 427 441 invento
439 389 555 440 dilectae
565 388 677 454 virginis
687 401 745 438 ore.

207 460 243 510 At
255 474 324 509 voce
333 458 473 512 Herculea
482 472 614 525 percussa
625 456 768 507 cacumina
776 457 881 509 munds

209 529 378 579 Intremuere
387 528 470 596 iugis:
481 531 589 577 maesto
601 525 721 576 clamore
732 524 825 577 ciebat

209 597 350 664 Pyrenen3
367 596 525 664 scopulique
536 609 630 646 omues
641 609 675 645 ac
684 594 773 645 lustra
782 593 903 647 toruum

210 667 338 732 Pyrenen
348 670 486 717 resonant.
505 664 623 715 Tumulo
634 668 692 714 tum
698 663 823 715 membra
831 665 937 732 reponit

148 736 201 787 440
213 733 559 802 Supremumillacrimaust
570 748 622 785 nec
627 731 715 784 honos
720 733 862 784 intercidit
871 747 937 796 aere

209 803 400 872 Defletumque
410 808 505 855 tenent
514 809 621 855 montes
632 816 682 869 per
691 802 785 853 secula
795 816 903 854 nomeu.

208 876 321 942 lamque
331 889 380 940 per
391 880 419 924 et
428 874 526 936 colles,
538 879 566 924 et
576 873 675 924 densos
686 871 775 921 abiete
785 870 865 923 lucos

210 944 363 1008 Bebryciae
374 943 483 993 Poenus
494 943 562 993 lines
572 939 783 992 transcenderat
791 940 880 993 aulae

210 1011 276 1061 lnde
289 1010 370 1061 ferox
379 1012 531 1078 quaesitum
542 1012 624 1061 aruris
635 1024 685 1076 per
693 1006 835 1076 inhospita
843 1024 909 1061 nura

148 1080 199 1131 445
211 1079 359 1132 Volcarum
369 1079 517 1145 populatur
526 1081 581 1130 iter
591 1116 599 1142 ‚
609 1078 760 1146 tumidique
771 1079 893 1132 minnota

209 1148 322 1200 Accedit
331 1146 456 1200 Rhodani
466 1148 566 1200 festino
576 1148 662 1199 milite
672 1149 754 1215 ripas.

209 1219 360 1286 Aggeribus
372 1223 454 1284 caput
464 1219 567 1284 Alpinis
574 1224 604 1269 et
613 1231 681 1283 rupe
691 1217 774 1268 nirnli

209 1287 332 1338 Proserit
341 1288 369 1336 in
380 1287 483 1348 celtas,
493 1289 684 1354 ingentemque
696 1283 819 1337 extrahit
827 1300 930 1339 amnem

209 1353 352 1421 Spumanti
359 1353 507 1406 Rhodanus
518 1357 696 1422 proscindens
705 1357 816 1424 gurgite
826 1370 937 1424 campos,

147 1425 199 1476 450
209 1425 247 1474 Ac
257 1439 374 1490 propere
384 1425 412 1474 in
423 1430 537 1490 pontum
547 1425 603 1476 lato
614 1426 669 1475 ruit
679 1425 779 1476 incitus
790 1425 880 1477 alveo.

208 1495 297 1560 Auget
307 1507 374 1559 opes
387 1495 471 1544 stanti
483 1494 592 1556 similis,
603 1494 744 1561 tacitoque
754 1494 863 1562 liquore

207 1562 311 1612 Mixtus
322 1563 403 1625 Arar,
420 1578 500 1630 quem
510 1579 561 1632 gur
581 1563 662 1614 'tibus
673 1563 833 1629 complexus
844 1560 937 1615 mltis

209 1632 387 1682 Cunctantem
393 1632 532 1700 immergit
538 1648 573 1699 pe
584 1647 646 1700 ago,
657 1637 820 1700 raptumque
827 1643 937 1701 perum

207 1701 292 1751 Ferre
303 1705 380 1751 vetat
389 1703 507 1768 patrium
520 1703 611 1752 vicina
621 1701 656 1752 ad
666 1701 749 1752 litora
758 1717 867 1754 nomen.

147 1768 198 1819 455
210 1770 346 1821 Invadunt
356 1770 461 1823 alacres
470 1771 608 1822 inimicum
618 1771 748 1836 pontibus
760 1786 881 1824 amnem

208 1838 287 1891 Nunc
299 1841 372 1892 celso
383 1842 473 1908 capite
485 1847 514 1891 et
524 1840 675 1891 cervicibus
687 1855 764 1890 armu
774 1847 895 1903 mersbur,

206 1908 286 1960 Nunc
296 1909 393 1959 validis
403 1925 504 1976 gurges
515 1909 641 1960 certatim
652 1908 789 1977 frangitur
798 1911 877 1962 ulnis.

206 1976 348 2027 Fluminea
358 1979 466 2044 sonipes
476 1978 607 2045 religatus
619 1977 729 2029 ducitur
739 1979 817 2044 nlno;

206 2044 293 2095 Belua
301 2059 352 2094 nee
361 2047 462 2096 retinet
471 2047 599 2097 tardante
609 2046 731 2112 Libyssa
741 2049 855 2100 timores

145 2112 196 2164 46ss
208 2111 277 2162 Nam
288 2114 411 2164 trabibus
421 2114 504 2176 vada,
516 2122 545 2166 et
553 2117 656 2167 iniecta
665 2116 763 2168 tellure
772 2124 908 2184 repertun

207 2183 350 2233 connexas
362 2184 469 2248 operire
481 2184 589 2247 trabes,
600 2201 633 2236 ac
644 2185 746 2237 ducere
757 2187 786 2237 in
798 2187 883 2238 altum

204 2249 341 2301 Paulatim
352 2251 429 2316 ripae
439 2253 567 2303 resolutis
579 2270 682 2322 aggere
692 2255 797 2306 riualis.

205 2321 240 2370 At
250 2320 342 2387 gregis
350 2319 449 2386 illapsu
460 2321 640 2375 fremebundo
650 2325 763 2377 territus
775 2326 848 2377 acris

205 2389 326 2454 Expavit
333 2388 421 2439 moles
430 2388 592 2455 Rhodanus,
603 2395 762 2462 stagnisque
772 2393 872 2447 refusis

143 2455 193 2508 465
206 2458 301 2508 Torsit
311 2473 427 2510 arenoso
437 2463 590 2512 minitantia
599 2478 739 2515 murmura
749 2462 846 2516 fundo.

203 2527 316 2594 lamque
327 2529 490 2581 Tricastinis
499 2532 616 2584 intendit
628 2533 725 2584 tinibus
736 2548 853 2602 agmeu3

202 2596 261 2647 lam
270 2596 366 2649 faciles
377 2613 503 2666 campos,
512 2603 568 2652 iam
579 2617 645 2653 rura
655 2603 795 2655 Vocuntia
806 2604 904 2673 carpit.

203 2665 341 2718 Turbidus
350 2665 394 2719 hic
405 2671 509 2722 truncis
521 2672 648 2738 saxisque
658 2672 798 2724 Druentia
805 2674 909 2726 laetun

201 2733 333 2789 Ductor-is
343 2741 463 2791 vastarit
471 2741 533 2793 iter.
550 2739 675 2810 Namque
686 2741 798 2810 Alpibus
808 2750 896 2806 ortus,
