1920 2962
127 118 178 177 102
325 112 354 161 c.
382 107 487 161 siau
521 107 687 160 rraurcr

128 233 224 286 stridit
236 233 387 281 Tartareae
397 231 475 298 nigro
485 229 535 281 sub
546 233 660 295 pectore
669 229 760 281 Dirae

127 300 279 354 Letiferam
291 315 425 362 murmur,
437 298 569 365 feralique
579 295 693 348 horrida
704 302 791 351 cautu
861 302 875 338 ''=

126 371 249 422 Buccina
258 367 415 436 lymphatas
427 370 485 435 agit
494 369 522 418 iu
534 367 685 417 certamina
695 372 816 421 mantea.

68 441 117 492 225
128 441 179 490 His
189 441 246 490 iras
259 439 376 490 adversa
385 438 492 499 forent,
505 436 659 503 crudusque
669 442 769 489 ruente

125 511 250 561 Fortuna
261 510 385 559 stimulus
396 522 472 573 spem
483 506 634 572 proiecisse
642 504 754 556 salutisa

127 580 187 629 llos
198 579 295 629 dexter
309 577 398 638 Deus,
409 581 438 626 et
447 575 521 625 laeto
532 574 658 625 Victoria
666 573 746 625 vultu

126 648 254 698 Arridens
266 647 352 707 acuit,
364 646 515 711 Martisque
527 642 622 694 favore
633 641 771 696 fruuntur.

126 718 261 782 Abreptus
274 714 387 782 pulchro
400 714 515 766 caedum
525 712 679 763 Lateranus
690 726 798 779 amore,

67 786 117 836 230
128 787 201 837 Dum
213 787 336 853 sequitur
353 785 492 845 dextram,
510 784 538 833 in
554 782 659 901 meqios
675 786 872 847 penetraverat

621 857 703 901 ostes.

129 924 216 985 Quem
227 928 373 987 postquam
384 920 484 972 florens
496 919 602 987 aequali
611 918 747 972 Lentulus
756 936 829 975 aevo

129 991 291 1056 Conspexit,
302 990 413 1039 nimium
425 1003 547 1056 pugnae,
558 989 725 1056 nimiumque
736 992 854 1055 cruoris,

128 1058 247 1111 lniestas
258 1060 330 1108 inter
339 1073 393 1108 non
406 1073 493 1125 aequo
506 1058 596 1108 Marte
607 1063 734 1109 catervas

127 1129 199 1180 Fata
207 1129 375 1191 irritantem3
393 1129 451 1178 nisu
462 1142 491 1178 se
504 1127 702 1189 concitatam,

69 1196 118 1247 ²85
129 1199 317 1263 lmmitemque
329 1198 448 1263 Bagam,
460 1198 506 1263 qui
516 1197 571 1246 iam
582 1197 672 1246 vicina
683 1197 798 1249 serebat

127 1267 249 1318 Vulnera
261 1267 406 1331 pugnantis
417 1271 496 1332 tergo
506 1300 514 1327 ,
524 1265 647 1315 velocior
657 1261 739 1316 hasta

129 1337 268 1400 Occupat,
280 1339 309 1383 et
318 1334 505 1384 sociumduris
516 1349 546 1384 se
558 1334 665 1385 casibus
678 1333 763 1386 addit
794 1360 799 1367 ·

128 1407 207 1455 Tunc
218 1403 323 1453 alacres
338 1418 415 1453 arma
430 1403 633 1470 agglomerant,
648 1405 814 1474 geminaque
824 1420 868 1459 co·

601 1489 674 1524 rusci

126 1544 228 1593 Fronte
240 1543 355 1603 micant,
367 1542 478 1608 paribus
494 1542 600 1610 fulgent
614 1543 707 1609 capita
718 1542 808 1597 ardua
817 1544 867 1597 erl·

601 1613 660 1663 stis.

67 1680 116 1729 ²40
126 1680 210 1730 Actus
218 1681 246 1728 in
259 1681 389 1732 adversos
400 1696 466 1732 casu
476 1682 605 1747 (namque
617 1681 698 1731 obvia
707 1679 781 1733 ferre
854 1687 860 1699 “

125 1750 208 1799 Arma
219 1752 277 1817 quis
289 1749 421 1802 audereti
431 1751 483 1801 nisi
495 1765 574 1816 quem
580 1750 655 1801 Deus
663 1751 718 1800 ima
730 1751 866 1805 colentum
923 1768 928 1777 ·

126 1818 292 1871 Damnasset
302 1820 416 1888 Stygiae
428 1821 515 1882 nocti)
526 1818 684 1885 praefracta
694 1821 814 1886 gerebat

126 1885 251 1953 Syrticus
263 1890 372 1941 excelso
384 1889 532 1938 decurrens
544 1889 646 1938 robora
656 1895 760 1953 monte,
829 1940 832 1945 ,

124 1958 169 2017 Et,
182 1961 306 2024 quatiens
318 1973 383 2008 acer
393 1956 490 2006 nodosi
501 1957 624 2022 pondera
630 1958 709 2019 rami,

66 2025 115 2075 245
127 2026 276 2093 Flagrabat
287 2028 411 2094 geminae
423 2026 605 2092 nequidquam
618 2026 711 2077 caedis
722 2042 827 2081 amore.

124 2095 185 2144 Non
198 2094 243 2147 hic
252 2099 369 2162 Aegates
379 2094 516 2161 infidaque
526 2096 608 2146 litora
618 2097 717 2157 nautis,

125 2166 147 2213 0
157 2166 282 2225 invenes,
294 2169 452 2229 motumque
464 2165 540 2214 noris
549 2165 607 2216 sine
618 2165 709 2216 Marte
721 2166 850 2231 procellis

124 2234 274 2283 Fortunam
285 2231 356 2281 bello
369 2232 481 2299 pelagus
493 2232 581 2283 dabit:
592 2235 719 2301 aequoris
731 2235 798 2289 olim
825 2256 829 2263 ·

125 2303 266 2363 Victores,
279 2301 369 2350 media
380 2302 415 2351 sit
427 2301 527 2368 qualis,
541 2303 652 2366 discite,
664 2310 740 2354 terra

64 2370 114 2419 250
127 2371 249 2420 Ballator
261 2369 363 2435 Libys,
375 2376 403 2421 et
413 2371 519 2422 meliori
529 2374 618 2424 cedite
629 2388 723 2442 regno.

122 2442 161 2489 Ac
172 2439 250 2489 simul
261 2439 362 2490 infesto
373 2440 542 2492 Lateranum
551 2444 664 2494 vulnere
674 2448 790 2494 truncae

122 2508 233 2558 Arboris
245 2510 373 2577 urgebat,
384 2511 498 2579 iungens
511 2513 635 2563 convicia
646 2527 763 2580 pugnae.

119 2577 255 2630 Lentulus
266 2577 328 2630 huic
340 2579 468 2632 frendens
477 2581 530 2631 ira:
546 2579 742 2631 Thrasimenus
752 2582 782 2633 in
793 2582 866 2635 altos

62 2722 66 2727 Ι
104 2649 250 2704 Ascendet
262 2654 345 2708 eitius
358 2653 458 2718 colles,
471 2667 554 2723 quam
564 2649 698 2719 sanguine
708 2656 788 2700 roret
