1920 2962
158 183 405 238 PUNlGORUM
433 185 514 238 LlB.
542 186 590 240 Xl.
697 192 748 243 220

54 307 172 372 seeipuis
183 307 322 373 multoque
334 306 429 372 procul
441 307 643 373 splendentibus
656 316 732 361 ostro
758 311 808 361 27⁵

54 377 151 441 cipitur
160 375 274 425 sublime
284 377 365 425 toris:
377 391 432 426 non
443 392 498 426 una
506 379 622 428 ministri

54 445 107 495 rba
119 446 221 512 gregis:
233 446 356 510 posuisse
368 445 452 511 depes
464 443 504 495 his
517 446 611 497 additu
622 463 696 510 eure,

54 532 63 565 s
76 513 186 564 adolere
197 512 284 574 focos,
298 512 339 564 his
351 514 444 564 ordine
457 515 556 581 pocula
566 514 647 566 ferre.

56 599 70 633 c
82 598 136 633 non
148 588 176 633 et
187 584 268 634 certis
279 585 392 634 struitur
403 598 496 649 penus.
525 586 629 650 Aspera
639 600 734 637 mense

54 652 140 703 odera
150 652 250 702 caelati
259 651 365 721 fulgent
375 654 523 720 antiquitus
535 655 602 703 auri.
759 657 810 706 280

54 723 138 788 ipiunt
148 719 273 772 dammae
284 728 403 784 noctem,
414 723 583 789 strepituque
593 731 749 774 merentum

54 796 165 841 irmurat
175 791 231 840 alta
242 790 347 841 domus,
359 789 458 856 Stupet
467 792 644 842 inconsuetus
657 794 764 857 opimae

54 859 140 910 lenius
152 875 262 911 mensae
272 860 358 922 miles,
369 859 522 927 faciemque
534 861 644 926 superbi

54 934 137 980 rotam
148 929 227 980 luxus
239 929 325 979 oeulis
336 929 497 979 mirantibus
509 928 608 979 haurit.

55 999 140 1048 scitur
150 1000 208 1064 ipse
221 998 311 1060 silens,
323 1005 351 1049 et
361 1004 453 1049 tantos
465 999 576 1049 damnat
586 996 705 1050 honores
759 1001 808 1051 285
863 1021 867 1030 ·

54 1068 187 1133 seopulis,
198 1066 346 1135 facilesque
360 1068 413 1118 coli
425 1073 501 1118 tanto
515 1069 748 1135 agminemensss3

56 1152 108 1186 nec
119 1136 198 1202 pulsa
208 1135 303 1198 fames,
315 1142 343 1186 et
353 1135 457 1186 Bacchi
467 1152 582 1186 munero
593 1137 689 1186 durum

54 1210 155 1255 xerunt
164 1210 291 1255 mentem.
322 1207 393 1255 Tum
404 1204 488 1254 fronti
499 1205 607 1255 reddita
618 1206 726 1257 demum

54 1275 142 1335 etitia,
154 1280 182 1324 et
193 1275 300 1339 positae
310 1276 450 1341 graviores
461 1281 575 1340 pectore
587 1290 678 1326 curae.
691 1326 694 1331 ,

54 1349 145 1395 rsonot
154 1343 278 1393 Euboica
290 1342 427 1394 Teuthras
439 1344 583 1408 testudine,
597 1346 695 1411 Cymes
757 1347 808 1399 29⁰

54 1415 111 1475 ola,
124 1419 152 1463 et
164 1413 275 1463 obtusas
285 1414 382 1463 immiti
392 1429 528 1464 murmure
539 1429 638 1465 saevae

54 1499 83 1534 er
92 1483 164 1533 bella
174 1482 256 1532 tubae
268 1483 420 1548 permulcet
431 1484 555 1534 cantibus
566 1499 653 1536 cures.

54 1554 217 1620 oquelorem
229 1559 257 1603 et
267 1553 355 1603 lectos
366 1568 416 1618 per
428 1551 746 1616 furtacanebetamores‚

54 1628 191 1690 cetreeque
203 1627 280 1673 toros
292 1621 458 1672 Atlantides:
472 1623 543 1672 unde
556 1628 674 1684 creatus,

54 1692 105 1742 iles
122 1691 204 1759 (ligna
218 1692 321 1754 Derim,
341 1697 400 1740 turn
417 1690 575 1740 Dardanus:
597 1692 674 1756 isque
691 1693 746 1741 Το-

483 1761 560 1807 nanti
754 1759 805 1811 295

57 1829 104 1880 det
116 1828 323 1880 Erichthonium
333 1841 434 1892 magna
445 1825 478 1875 de
491 1826 576 1893 stirpe
587 1833 724 1892 nepotem.

54 1915 81 1949 rc
93 1900 173 1962 Tros,
185 1898 248 1948 hinc
261 1897 324 1959 llus,
335 1896 443 1962 generis
454 1900 519 1945 tune
531 1895 625 1946 ordine
636 1897 719 1964 longo

54 1983 166 2031 taracus,
178 1968 305 2035 nulloque
315 1967 404 2016 minor
414 1963 521 2015 femare
531 1981 647 2017 manuve

54 2053 81 2087 m
94 2038 185 2104 Capys
196 2043 227 2087 ut
237 2038 339 2102 primus
350 2035 458 2085 dederit
468 2051 518 2086 sua
528 2037 640 2088 nomine
649 2039 742 2089 muris.

54 2107 208 2158 neelebrant
217 2106 313 2172 plausu
323 2106 427 2172 pariter
437 2102 550 2155 Sidonio
559 2105 653 2172 pubes,
756 2106 806 2157 300

54 2191 218 2243 mpanaeque
228 2183 332 2225 manus.
350 2176 419 2224 Ante
432 2189 526 2225 omnes
538 2175 637 2226 ductor
648 2174 747 2227 honori

54 2247 130 2296 minis
143 2250 258 2313 augusto
271 2244 338 2293 libat
347 2242 489 2294 carchesia
500 2245 568 2309 ritu3

54 2330 107 2366 :era
127 2330 206 2383 quem
227 2315 367 2381 sequitur,
387 2312 545 2381 Bacchique
565 2329 599 2365 ex
619 2329 696 2364 mere
716 2313 746 2363 li·

482 2398 595 2449 quorem
626 2430 629 2435 Α

54 2459 112 2504 erat
123 2454 223 2503 mensis
234 2452 323 2511 turbu,
338 2450 509 2517 ardescitque
520 2452 626 2516 Lyaeo.

54 2537 125 2585 eree,
137 2523 224 2588 Tyrio
235 2520 357 2573 resoluta
367 2521 395 2570 in
405 2519 505 2586 gaudio
517 2525 598 2570 coetu
756 2521 806 2572 805

54 2606 157 2654 merso,
169 2593 268 2659 (neque
279 2591 361 2651 enim,
371 2589 479 2641 iuvenis
489 2603 550 2641 non
558 2589 645 2658 hique
655 2589 750 2648 s'her'x„

54 2662 199 2711 resmittom
223 2668 272 2713 tuo
290 2668 397 2731 coepta
409 2661 522 2727 libens,
541 2660 717 2725 demumque
730 2665 785 2702 ne·

502 2733 585 2805 gebo
