1920 2962
88 171 344 225 Punicorum
372 174 464 225 ΗΒ..
480 173 528 226 lV.
647 178 682 230 ⁹3

39 299 67 344 et
77 293 169 344 emissi
180 307 333 355 numerosa
337 293 448 358 piacula
456 295 538 348 visus.

39 367 117 413 utem
127 362 225 414 Patres
235 361 350 412 ederent
361 360 525 430 Carthagine
535 367 619 428 missi,
690 365 742 417 '165

39 433 112 483 ‚viae
123 446 177 481 non
189 444 274 496 parva
283 431 359 494 viris)
370 446 421 482 nec
431 431 506 483 laeta
516 432 650 486 ferebant.

40 502 63 551 it
73 502 101 551 in
112 499 232 567 populis,
244 514 312 567 quos
323 500 447 551 condidit
456 501 562 554 advena
573 503 657 566 Dido,

39 585 59 623 ·e
72 569 157 621 caede
168 568 244 620 Deos
254 569 371 630 veniam,
385 583 418 620 ac
428 568 608 638 flagrantibus
619 574 673 624 eris

39 640 95 690 ium
107 636 212 702 dictui)
221 652 322 704 parvos
331 638 473 704 imponere
482 647 572 693 natos.

40 709 177 759 educebat
186 707 356 758 miserandos
369 721 459 760 annua
470 724 565 774 cesus,
690 713 741 763 '1⁶1⁰

40 776 198 829 Thoanteae
207 776 330 844 ritusque
340 777 449 829 imitate
458 777 574 831 Dianae.

40 863 60 899 :o
71 848 192 913 sortique
202 847 293 897 Dedm
304 845 339 896 de
349 861 426 898 more
436 847 549 913 petebat

40 917 100 968 nelis
111 916 217 983 prolem
227 915 334 967 discors
346 917 496 983 antiquitus
506 919 634 968 Hannon.

40 988 121 1053 opior
132 992 221 1036 metus
233 986 331 1036 armati
342 985 464 1037 ductoris
476 985 509 1038 ab
521 989 572 1049 ira,

40 1055 655 1192 tradididit?{titudinis
690 1056 745 1106 ⁷⁷⁵

40 1165 42 1174 ·
185 1184 189 1193 ,
359 1161 366 1185 s
658 1161 665 1187 s

40 1194 132 1245 urbem
144 1193 265 1259 complet
274 1194 373 1244 maesti
385 1192 526 1256 clamoris,
539 1194 640 1244 Imilce.

40 1269 85 1314 rut
94 1264 225 1330 Pangaea
236 1276 320 1327 super
331 1263 473 1313 trieteride
484 1269 560 1313 mota

45 1369 52 1395 ,
67 1337 95 1383 et
105 1332 239 1383 inclusum
252 1332 374 1397 suspirat
384 1337 497 1397 pectore
508 1330 658 1384 Bacchum.

40 1406 98 1454 nter
109 1402 225 1467 Tyrias,
237 1400 343 1452 facibus
355 1415 406 1452 eeu
417 1400 539 1464 subdita,
551 1408 654 1453 matres
690 1401 741 1452 'iso

40 1477 60 1533 t,
71 1472 102 1522 lo
115 1473 228 1533 nonime,
241 1485 403 1538 quocunque
413 1472 440 1521 in
453 1472 564 1522 cardine
575 1471 668 1521 mundi

40 1555 134 1603 noves,
145 1537 200 1590 huc
212 1541 290 1608 signa
300 1539 382 1590 refer.
401 1540 555 1591 Violentior
564 1537 609 1590 hic
622 1544 672 1602 est,

43 1611 92 1661 stis
103 1610 224 1676 propior.
244 1609 288 1659 'l'u
299 1625 370 1660 nunc
382 1608 501 1661 fortasse
512 1609 562 1661 sub
574 1610 640 1676 ipsis

40 1679 187 1730 Jerdeniae
198 1679 282 1729 muris
293 1679 430 1729 vibrantia
438 1679 496 1729 tela

40 1765 51 1800 s
62 1748 215 1815 intrepidus
228 1747 341 1813 clypeo,
354 1762 519 1813 saevamque
532 1762 680 1797 coruscans
691 1747 743 1796 185

40 1818 84 1870 ida
95 1817 222 1883 Tarpeiis
232 1814 318 1865 infers
328 1815 457 1865 incendia
468 1817 558 1865 tectis.

40 1886 111 1939 stibi
123 1886 211 1952 prima
220 1884 318 1934 domus
329 1889 411 1950 atque
422 1885 503 1935 unica
514 1883 605 1950 proles

40 1957 132 2020 nemin
144 1955 171 2005 in
185 1954 291 2021 patriae
303 1950 415 2021 Stygius
425 1959 551 2020 raptetur
562 1952 597 2004 ad
608 1967 679 2004 erus.

42 2063 49 2087 ‚
59 2026 195 2076 Ausonios
206 2022 281 2075 ferro
292 2022 424 2090 populare
436 2029 560 2090 penates,

40 2097 88 2146 itus
99 2095 195 2146 molire
206 2094 272 2144 vius
290 2093 312 2155 1,
322 2098 406 2161 pocta
416 2093 534 2162 resigna,
694 2093 745 2143 190

41 2163 320 2216 ‚nctosiureteDeos
339 2159 386 2213 Sic
396 2163 519 2230 praemia
528 2163 621 2214 reddit

40 2249 96 2302 ego,
106 2239 134 2285 et
143 2233 215 2285 teies
225 2233 281 2283 iam
292 2247 363 2283 nunc
372 2231 423 2283 tihi
433 2232 515 2284 solvit
524 2229 653 2284 honores.

41 2319 116 2370 porro
127 2300 198 2353 haec
210 2303 308 2368 pietas,
319 2300 434 2352 delubra
444 2316 591 2369 aspergere
602 2298 686 2352 tabo?-

41 2373 122 2424 rimae
132 2372 266 2423 scelerum
277 2385 377 2421 causae
388 2370 549 2422 mortalibus
561 2371 661 2438 aegris,

41 2457 77 2493 nn
87 2441 194 2492 nescire
205 2437 308 2490 Deum!
329 2439 405 2491 iuste
413 2441 453 2491 ite
463 2440 570 2506 precati
692 2437 744 2489 'mo

41 2512 92 2572 iio,
105 2509 274 2577 caedumque
284 2506 360 2559 feros
370 2511 487 2561 avertite
498 2511 575 2560 ritus.

41 2585 206 2648 tcognetum
213 2575 362 2630 esthomini
371 2577 455 2630 Deus.
466 2578 690 2641 Hactenueoro„

41 2650 68 2701 is
80 2653 144 2700 ente
155 2663 217 2701 uros
227 2661 325 2701 caesos
335 2646 440 2704 vidisse
447 2649 604 2703 iuvencum

56 2716 123 2768 rede
132 2715 212 2770 nefas
223 2716 369 2789 Superos,
383 2720 538 2795 iusumque
549 2719 712 2786 sodomum
