1920 2962
163 146 214 201 296
363 146 392 196 C.
419 142 533 196 SlLll'
551 142 716 195 l'l'ALlGl

161 269 300 332 Expertus
310 264 429 330 Beryae,
439 264 542 329 patrias
553 268 692 313 remearat
702 263 738 314 ad
750 278 813 314 oras

161 335 265 403 Sponte
275 332 392 385 faventis
403 332 474 398 heri;
491 334 669 400 repetitisque
684 333 803 399 impiger
818 334 893 383 armis

160 407 232 456 Tum
240 409 349 454 veteres
360 401 452 454 Siculo
463 417 542 453 casus
552 402 680 452 Mavorte
692 402 796 466 piabat

98 474 149 526 155
160 475 247 541 Atque
256 474 290 534 is,
301 472 365 522 dum
375 472 481 522 medios
490 472 562 521 inter
572 469 633 521 fera
643 471 750 536 proelia
759 472 862 533 miscet,

159 544 255 595 lllatns
265 541 385 607 Beryae,
395 542 447 603 cui,
458 546 541 608 pacta
552 539 587 590 ad
597 541 675 607 regia
685 541 770 591 misso

159 613 317 665 Poenorum
327 625 344 660 a
352 610 468 676 populis,
481 611 641 675 sociataque
651 608 725 659 bella
735 611 848 677 gerenti,

158 683 258 732 Aerato
272 680 356 730 cassis
367 679 514 729 munimine
525 678 663 728 clauserat
674 692 734 741 ora,

158 750 267 802 lnvadit
277 747 352 799 ferro
361 750 497 811 iuvenem,
508 747 668 814 trepideque
678 746 814 799 ferentem

98 821 149 872 lto
160 819 304 871 instabiles
314 822 390 867 retro
402 832 512 884 gressus
523 818 674 883 prosternit
685 831 781 867 arena.

158 891 192 940 At
204 891 301 949 miser,
314 887 409 937 audita
419 888 531 937 victoris
542 900 619 948 voce,
631 891 797 937 trementem

160 960 393 1023 Cunctantemque
413 957 530 1006 animam
546 953 645 1022 Stygia
665 970 716 1006 eeu
739 956 804 1006 sede
818 954 883 1006 redu·

633 1039 707 1087 cens,

159 1094 279 1146 Cessidis
290 1099 408 1144 amento
419 1093 563 1144 malefidae
574 1094 682 1144 vincula
694 1096 807 1161 rumpit,

158 1163 346 1232 lungebatque
356 1178 461 1230 preces,
474 1168 556 1231 atque
566 1162 668 1214 addere
678 1164 764 1215 verbu
775 1163 881 1230 parabat

97 1233 148 1284 165
160 1231 224 1295 Sed,
236 1233 327 1283 subito
340 1238 453 1298 aspectu
465 1237 493 1282 et
503 1237 571 1283 noto
584 1233 751 1285 conterritus
763 1248 819 1295 ore,

157 1299 318 1367 Tyrrhenus
330 1300 487 1368 ferrumque
496 1315 579 1352 manu
589 1304 740 1366 revocavit,
753 1308 782 1354 et
790 1302 854 1353 ultro

157 1370 237 1420 Talia
247 1384 309 1419 eum
320 1371 424 1435 gemitu
434 1370 553 1421 lacrimis
566 1370 662 1421 ell'udit
673 1372 793 1423 obortis:

156 1438 206 1500 Ne,
218 1451 330 1503 quaeso,
340 1438 455 1504 supplex
465 1438 555 1490 lacem
567 1440 719 1508 dubiusque
730 1454 851 1508 precare:

155 1509 209 1559 Fas
222 1504 331 1557 hostem
342 1521 452 1558 servare
462 1506 536 1559 mihi.
567 1510 654 1560 Multo
666 1512 787 1576 optimus
795 1510 838 1561 ille

95 1579 147 1628 lto
157 1576 281 1638 Militiae,
293 1578 336 1626 cui
348 1583 517 1642 postremum
528 1584 570 1628 est
581 1580 761 1646 primumque,
775 1580 841 1630 tueri

157 1649 233 1697 inter
241 1646 314 1697 bella
325 1646 405 1697 tidem
415 1663 421 1695 ε
433 1652 463 1697 tu
474 1648 559 1698 letum
571 1648 687 1698 evadere
697 1650 778 1701 nobis

156 1717 214 1767 Das
226 1717 309 1782 prior,
322 1722 351 1767 et
361 1732 454 1767 serres
465 1718 586 1767 nondum
596 1723 722 1768 servatus
735 1718 769 1769 ab
781 1717 860 1768 hoste.

155 1786 238 1836 Haud
250 1787 374 1853 equidem
387 1787 525 1854 indignum
536 1791 644 1850 memet,
655 1802 727 1854 quae
738 1782 881 1843 tristiasidi

156 1855 302 1906 Abnuem'm
308 1893 316 1919 ,
328 1856 492 1923 dignumque
501 1857 602 1907 iterum
612 1857 640 1906 in
652 1857 750 1922 peiora
760 1855 867 1915 rerolri;

94 1923 145 1973 1¹15
158 1922 187 1974 Si
198 1924 247 1974 tibi
258 1941 306 1992 per
317 1926 421 1976 medios
431 1927 507 1993 ignes
519 1926 623 1976 medios
643 1942 678 1976 ue
689 1941 740 1992 per
751 1942 828 1977 enses

155 1992 217 2042 Non
229 1992 335 2042 dederit
346 2009 408 2044 mea
419 1995 517 2045 dextra
525 1997 604 2045 riam
626 1942 679 2045 qSic
689 1994 774 2058 fatur,
786 2000 813 2045 et
822 1992 882 2043 ultro

156 2060 270 2122 Attollit,
282 2063 392 2128 vitaque
404 2069 540 2130 exaequat
552 2079 665 2115 munera
675 2064 758 2115 ritae.

155 2131 198 2191 nt,
210 2144 323 2195 compos
334 2129 426 2181 Sicula
436 2134 550 2198 primum
565 2135 721 2184 certaminis
734 2149 783 2184 ora

156 2199 261 2263 Coepfi,
273 2200 421 2252 Marcellus
432 2203 557 2254 uictricia
568 2205 654 2270 signa,
665 2205 760 2270 quieto

94 2268 145 2318 teo
157 2268 270 2335 Agmine
281 2270 468 2335 progrediens,
480 2271 629 2338 Ephyraea
640 2273 674 2322 ad
685 2275 796 2324 moenia
804 2272 883 2323 vertit.

155 2338 221 2388 inde
233 2335 396 2403 Syracosias
408 2343 506 2391 eastris
520 2342 700 2392 circumdedit
712 2357 800 2394 arces.

155 2405 209 2458 Sed
221 2406 286 2458 ferri
297 2407 443 2476 languebat
454 2423 539 2460 amor.
570 2410 674 2463 Sedere
684 2413 821 2463 monendo

154 2475 275 2527 Pectora
288 2480 482 2542 caecarirum,
500 2487 582 2547 atque
593 2483 647 2532 iras
659 2481 777 2533 evellere
788 2480 886 2531 avebat.

152 2543 212 2596 Nec
225 2548 356 2610 (renuant
367 2550 391 2600 si
399 2548 474 2600 torte
484 2550 546 2612 sibi,
555 2555 583 2601 et
594 2553 616 2600 si
625 2552 704 2601 mitia
713 2552 795 2602 malle.

79 2615 135 2668 185
148 2617 276 2670 Credant
289 2634 352 2671 esse
364 2620 568 2683 metumplaais
576 2624 699 2667 serratas
710 2623 812 2667 amasse

142 2690 269 2746 Obsidio
286 2691 441 2754 claustris3
453 2692 524 2755 quin
535 2681 844 2741 contna'xntent‘mr'xpse
