1920 2962
157 169 209 223 850
354 167 383 217 C.
413 163 518 219 SlLll
548 161 719 217 lTllLlCl

156 289 284 354 Dumque
294 301 328 338 ea
340 284 501 352 proclamat,
512 283 654 351 perfracto
664 285 786 337 volvitur

157 359 288 419 Cernnns,
300 371 333 406 ac
344 356 448 421 pariter
458 353 511 405 iusi
523 353 706 415 (miserabile)
718 369 791 423 camp

155 426 307 478 Discordes
318 430 477 475 sternuntur
486 425 565 490 equi:
578 424 666 490 quatit
673 438 791 491 aequore

94 497 146 550 415
158 497 236 549 Lora
245 496 301 547 suis
311 495 411 556 victor,
421 492 565 560 mediaque
577 491 694 544 Pelorus
707 508 791 545 nreue

157 565 276 634 Surgere
286 565 419 615 nitentem
429 560 536 630 fugiens
547 561 658 613 Atlanta
666 562 791 630 relinquit

158 635 215 687 ¹N'ec
225 634 338 701 longum
349 633 433 700 Cyrni
444 631 568 683 defessos
579 631 716 696 prendere
727 648 791 685 eurr

158 704 239 756 llunc
250 717 373 772 quoque,
398 706 572 755 cunctantem
588 706 616 751 et
633 714 697 752 sero
712 702 791 754 mode

634 785 770 837 equorum

157 842 326 904 Disceutem‚
337 840 434 907 rapido
446 839 632 906 praetervolat
642 841 745 893 incitus
757 855 792 892 nx

95 911 147 962 420
161 911 278 978 impellit
290 925 398 961 currum
410 909 514 961 clamor
526 923 663 976 vocesque
675 908 791 961 inventu

157 981 268 1046 lamque
288 980 372 1031 etiam
392 978 475 1030 dorso
493 985 575 1046 atquo
599 976 722 1098 humqris
740 986 792 1047 tre}

634 1048 670 1099 lli
693 1050 735 1100 eri

155 1118 214 1170 Ora
224 1117 401 1185 superposuit
410 1118 530 1185 sonipes,
541 1114 679 1184 flatusque
692 1133 792 1186 vapore

156 1188 214 1238 Ter
233 1188 356 1254 apremi,
368 1192 396 1239 et
406 1188 508 1253 spumis
521 1187 618 1254 auriga
629 1185 792 1239 calesceret

156 1257 222 1306 lucu
241 1257 283 1307 nit
292 1270 390 1322 campo
400 1255 512 1320 Durius,
523 1257 651 1323 misitque
665 1257 769 1310 citatos

94 1325 145 1376 425
158 1323 280 1377 Verbere
291 1325 496 1392 quadrupedes,
519 1341 569 1378 nec
584 1324 703 1446 lruqtra:
725 1342 792 1396 aequ

651 1402 724 1459 etur,

154 1463 208 1514 ,lut
217 1463 300 1515 «itiam
312 1463 440 1531 aequavit
449 1463 515 1532 iuga
525 1465 722 1532 praecedentia
733 1465 792 1518 dem

153 1532 293 1586 Attonitus
304 1540 362 1585 tum
373 1549 422 1600 spe
433 1539 519 1597 tanta,
533 1534 676 1597 Genitore,
688 1534 792 1598 Peiore

155 1603 197 1656 Te
208 1600 338 1671 Zephyro
350 1604 479 1655 eductum
495 1621 567 1657 nunc
584 1620 655 1657 nunc
672 1607 792 1658 ostenda

632 1691 693 1742 pus.

154 1741 279 1806 Discant,
290 1744 335 1811 qui
347 1743 481 1809 pecudum
493 1743 597 1795 ducunt
607 1745 641 1794 eb
654 1747 792 1813 originem

91 1811 143 1863 430
157 1813 296 1875 Quantum
308 1813 391 1864 divini
402 1813 552 1880 praecellat
561 1816 672 1865 seminis
684 1821 771 1868 omns.

63 1939 66 1946 ,
154 1884 252 1936 Victor
263 1881 434 1945 denudabis,
445 1889 604 1951 statuesque
615 1884 716 1935 altaria
727 1889 792 1951 patr.

152 1951 199 2013 Et,
211 1953 238 2001 ui
249 1966 379 2003 successu
390 1953 472 2003 nimio
483 1953 611 2020 laetoque
623 1968 728 2020 pavore

155 2019 284 2072 Proditus
295 2020 389 2087 elapso
400 2021 474 2073 soret
483 2024 555 2074 inter
565 2023 650 2073 verba
661 2021 782 2091 flagello,

154 2089 551 2157 Forsansacrassetzephyro‚
559 2107 626 2160 quas
632 2099 759 2156 voverat,
765 2107 792 2143 nr

92 2157 145 2209 435
158 2159 229 2208 Tum
240 2173 306 2210 vero
317 2159 422 2223 infelix,
434 2161 516 2212 veluti
529 2161 641 2228 delapsu
652 2178 759 2214 corona

154 2228 276 2281 Victoris
287 2229 369 2295 capiti
381 2229 463 2291 foret,
473 2232 500 2281 in
512 2247 541 2282 se
553 2246 648 2282 versus
660 2233 695 2282 ab
706 2234 758 2294 ira,

152 2299 282 2349 Auratam
294 2298 384 2349 medio
395 2299 523 2350 discindit
533 2308 647 2368 pectore
657 2307 774 2364 vestem,

152 2369 190 2418 Ac
201 2369 330 2420 lacrimae
341 2369 420 2419 simul
433 2375 460 2419 et
471 2377 583 2436 questus
593 2370 628 2421 ad
639 2369 732 2422 sidera
743 2370 793 2422 iusi

152 2436 210 2489 Nec
221 2439 275 2490 iam
289 2438 423 2490 subducto
434 2438 550 2504 parebat
560 2441 674 2491 verbere
688 2455 792 2491 currus.

80 2507 137 2560 sto
148 2509 208 2562 Pro
220 2509 340 2565 stimulis
353 2509 437 2563 dorso
450 2510 604 2576 quatiuntur
613 2511 706 2559 inania
718 2510 785 2560 lora

140 2583 262 2636 lutcrea
272 2585 371 2647 metis,
384 2587 481 2636 certus
488 2576 656 2636 laniandis,
663 2577 765 2641 agenn&

133 2653 214 2710 Sese
226 2653 414 2720 Panchates,
426 2658 459 2706 et
469 2647 599 2716 praemia
606 2643 698 2709 prima
705 2641 793 2704 putem

127 2729 269 2786 Arduus.
305 2726 433 2783 Effusas
441 2722 522 2775 ienis
531 2729 585 2783 per
599 2710 793 2772 cullnqennru
