1920 2962
201 114 451 167 PUNICORUM
478 114 558 167 ΜΒ.
585 117 659 168 Xlli.
755 120 806 173 289

66 235 157 303 Virgo
167 236 298 296 (inurbane
308 233 398 298 nefas)
411 235 538 286 adamato
549 236 669 301 prodidit
680 252 746 289 aura

65 305 199 371 Tarpeia,
211 310 239 354 et
250 306 337 369 pactis
349 306 481 355 reseravit
492 304 611 355 claustra
622 302 736 357 Sabinis.

65 375 150 425 quta
157 375 258 436 (nonne
268 372 360 425 videti
371 389 458 441 neque
469 373 649 425 enimleviora
660 373 816 429 domantur·

66 443 190 506 Delicta)
200 443 304 494 illatrat
314 444 411 495 ieiunis
421 442 545 494 faucibus
558 441 683 505 Orthrus,
815 445 864 496 845

67 513 192 563 Armenti
202 513 339 579 quondam
350 518 444 563 eustos
454 513 579 563 immanis
590 512 696 574 Hiberi,

68 582 106 632 Et
117 595 211 632 morsu
221 583 300 647 petit,
311 588 340 632 et
350 581 455 648 polluta
467 583 602 633 eviscerat
612 597 710 649 ungue.

69 649 128 701 Nec
137 664 188 716 par
197 665 288 716 poena
297 657 389 701 tamen
399 651 510 702 seeleri=
526 651 648 702 sacraria
659 651 760 702 Vestae

67 719 180 781 Polluit,
190 725 275 771 exuta
284 720 336 771 sibi
347 721 510 786 virginitate,
523 720 662 771 sacerdos.

67 786 124 839 Sed
135 790 202 840 satis
213 787 282 840 haec
293 791 402 852 vidisse,
414 791 495 842 satis:
507 804 571 840 mox
581 789 677 841 deinde
688 788 791 840 ridenti
816 787 866 840 850

67 856 149 908 Nune
158 860 263 910 animas
273 859 333 921 tibi,
345 873 414 926 quae
426 865 523 924 potant
535 859 643 921 oblivia,
653 874 756 926 paucas

66 927 97 977 in
109 927 164 977 iine
176 943 348 980 enumerasse
359 943 436 994 paro,
448 934 476 979 et
485 943 608 980 remeare
620 929 748 979 tenebris.

65 996 122 1046 Hie
134 996 239 1048 Marius
251 1000 313 1059 (nee
324 997 411 1048 multa
420 997 478 1048 dies
488 999 543 1048 iam
553 1004 640 1049 restat
649 1000 722 1048 ituro

65 1063 232 1117 aetheream
241 1065 378 1131 inlunem)
392 1067 482 1117 veniet
493 1066 541 1116 tibi
554 1067 658 1132 origine
670 1081 755 1131 parva

66 1135 97 1185 ln
109 1135 223 1200 longum
231 1135 373 1199 imperium
385 1133 497 1185 Consul:
509 1150 559 1185 nec
571 1133 648 1185 Sulla
656 1137 756 1185 morari
815 1134 865 1184 855

63 1204 146 1255 Iussa
156 1206 257 1269 potest,
268 1209 317 1254 aut
328 1218 406 1254 amne
417 1203 463 1254 diu
474 1209 571 1270 potare
582 1219 692 1270 saporo.

63 1272 127 1324 Lux
140 1277 230 1334 vocat,
243 1278 271 1323 et
281 1273 346 1324 nulli
357 1272 456 1323 Divum
469 1274 598 1324 mutabile
609 1273 704 1324 iatum.

63 1342 212 1409 Imperium
223 1339 266 1393 hic
277 1344 378 1409 primus
389 1344 490 1411 rapiet:
501 1343 550 1394 sed
559 1343 648 1410 gloria
659 1343 763 1410 culpae,

65 1411 147 1473 Quod
158 1410 255 1462 reddet
264 1412 350 1463 seius:
361 1427 413 1463 uec
424 1414 538 1464 tantuin
547 1414 804 1480 nominequisquam

65 1480 183 1542 Existet,
196 1477 287 1531 Sullae
298 1482 383 1547 quise
394 1480 460 1531 velit
470 1496 530 1533 esse
542 1480 699 1532 seeundum.
814 1479 866 1532 860

65 1549 124 1612 llle,
135 1547 209 1599 hirta
219 1550 262 1598 eui
274 1549 421 1616 subrigitur
433 1564 513 1600 cama
523 1548 622 1611 fronte,
635 1550 766 1601 decorum

65 1618 105 1669 Et
148 1623 223 1668 atum
234 1618 314 1667 terris
325 1617 441 1684 Magnus
453 1623 548 1683 eaput:
559 1617 604 1668 iiie
615 1617 704 1667 Deiim
715 1633 793 1684 gens,

65 1632 240 1755 Steffigerum
252 1685 380 1737 attollens
392 1686 507 1750 apicem,
520 1685 657 1735 Troianus
669 1685 727 1734 Iulo

65 1757 169 1807 Caesar
180 1771 231 1806 aro
238 1774 245 1820 3
259 1759 374 1822 quantas
385 1754 480 1815 males,
493 1768 555 1802 eum
566 1752 631 1802 sede
642 1751 749 1802 reclusa

64 1826 128 1876 Hae
139 1824 249 1876 tandem
263 1830 418 1891 erumpent,
437 1829 565 1941 terraqulp
581 1822 702 1923 marique
713 1834 804 1871 more·
814 1888 864 1940 86⁵

559 1896 619 1941 unt.

63 1962 128 2014 Heu
138 1963 239 2026 miseri,
251 1963 358 2029 quaties
370 1968 429 2013 toto
441 1960 607 2028 pugnabitur
618 1960 696 2012 orbe!

64 2030 124 2083 Nee
135 2031 239 2083 leviora
248 2032 315 2094 lues,
326 2047 407 2098 quam
417 2032 514 2092 rietus,
527 2031 640 2081 erimina
650 2031 745 2080 victer.

64 2102 137 2151 Tum
148 2102 252 2152 iuvenis
263 2101 417 2162 lacrimans,
428 2101 544 2151 Restare
554 2098 623 2150 haee
634 2099 728 2151 ordine
735 2100 802 2151 dura

63 2169 217 2221 Lamentor
228 2171 309 2222 rebus
320 2171 417 2222 Latiis.
448 2169 501 2221 Sed
512 2169 573 2222 luce
585 2175 692 2221 remota

64 2237 94 2290 Si
105 2238 180 2290 nulla
192 2245 235 2290 est
245 2242 333 2303 venia,
346 2245 374 2290 et
384 2242 481 2291 merito
494 2255 567 2291 mars
578 2241 639 2306 ipsa
649 2238 767 2299 laborat,
814 2237 864 2286 870

63 2308 203 2360 Perfidiae
224 2308 332 2361 Poenus
358 2310 454 2376 quibus
479 2316 526 2361 aut
547 2305 754 2426 Pipllegethontis
776 2307 804 2354 in

539 2394 573 2427 un
595 2393 617 2426 rs

64 2446 171 2498 Exul-et
182 2446 281 2498 ductor
290 2447 387 2508 scelus,
401 2454 449 2498 aut
460 2462 528 2514 quae
540 2445 622 2513 digna
633 2450 743 2495 renatos

63 2516 128 2567 Ales
137 2516 166 2566 in
178 2521 316 2568 aeternum
326 2516 441 2569 laniabit
451 2514 592 2570 morsibus
604 2513 702 2567 artus‘i

53 2582 99 2631 Ne
108 2588 209 2645 metue,
221 2586 363 2641 exclamat
374 2595 467 2643 vates.
496 2588 570 2644 Non
576 2589 644 2641 rita
652 2589 796 2652 semiim

43 2648 183 2699 Inviolata
195 2652 301 2706 Virum:
312 2664 415 2728 patria
426 2679 492 2719 non
502 2678 578 2719 ossa
587 2660 762 2733 quitiam*-

71 2711 201 2768 amns
221 2722 237 2771 1
244 2737 287 2777 ra
295 2743 325 2782 r„
728 2723 759 2772 Ὺ
