1920 2962
222 151 474 206 PUNlCORUM
503 155 583 208 LIB.
607 157 668 210 XV.
768 161 820 215 829

82 275 211 328 Victores
223 272 320 325 fecisse
332 280 458 325 tremant.
487 275 664 342 Fulgentibus
676 282 759 333 armis

80 344 192 396 Poenus
204 342 345 394 inundarit
355 358 476 410 campos,
487 360 542 411 qua
554 343 626 396 Sena
637 347 762 400 relictum
828 351 880 402 555

84 412 225 464 Gallorum
238 427 255 462 a
264 413 371 478 populis
381 420 473 464 servat
483 429 533 480 per
543 415 637 465 secula
646 431 753 469 nomen.

81 481 117 532 Ni
128 496 247 548 propere
258 482 378 549 alipedes
388 484 462 549 rapis
473 483 509 533 ad
521 485 673 535 certamina
683 490 796 550 turmas,

82 550 168 603 Serus
178 550 284 601 deletae
295 556 359 617 post
370 552 536 603 auxiliabere
546 553 659 604 Romae.

82 619 180 687 Surge,
192 635 256 686 age3
267 618 309 670 fer
319 636 437 687 gressus.
453 621 567 672 Patulos
576 625 690 691 regione
700 625 819 676 Metauri

82 690 216 740 Damnavi
228 690 337 739 tumulis
348 690 503 740 Poenorum
514 697 597 759 atque
609 693 716 744 ossibus
727 709 817 762 agros.
829 695 879 746 5611

81 760 133 810 llis
145 759 224 808 dictis
237 758 301 820 abit,
313 764 395 825 atque
406 759 556 812 abscedens
566 761 625 814 visa
635 769 780 828 parentem

80 824 235 889 Attraherc,
247 834 275 878 et
286 827 380 879 fractis
391 834 494 879 turmas
506 831 658 896 propellere
671 833 766 898 portis.

81 897 194 963 Rumpit
205 895 344 947 flammato
356 897 482 949 turbatus
494 900 577 951 corde
588 916 726 968 soporem,

81 968 118 1016 Ae
131 966 254 1031 supplex.
266 967 388 1033 geminas
399 967 511 1018 tendens
524 969 558 1019 ad
569 970 660 1022 sidera
670 971 784 1038 palmas,

82 1035 221 1086 Tellurem
234 1034 415 1102 Noctemque,
427 1042 456 1088 et
467 1037 545 1089 coelo
557 1054 652 1104 sparsa
662 1049 792 1107 precatur
828 1040 879 1091 565

80 1106 170 1165 Astra,
180 1104 331 1170 ducemque
340 1106 401 1156 riae
411 1106 499 1156 tacito
510 1107 559 1157 sub
570 1108 669 1158 lumine
681 1107 820 1159 Phoeben.

80 1174 146 1224 lndc
158 1172 226 1239 legit
236 1172 331 1239 dignas
342 1179 420 1224 tanta
431 1173 466 1222 ad
477 1176 621 1225 conamina
631 1177 751 1227 dextras.

82 1245 197 1309 Quaque
209 1243 283 1291 iacet
293 1243 385 1308 superi
395 1241 510 1293 Larinas
521 1243 617 1295 accola
626 1246 713 1312 ponti,

81 1314 142 1374 Qua
153 1311 213 1361 dun'
224 1311 295 1362 bello
308 1326 374 1379 gens
384 1311 549 1374 Marrucina,
559 1313 695 1382 fidemque

78 1383 188 1432 Exuere
200 1380 324 1432 indocilis
335 1382 416 1433 sociis
427 1383 579 1435 Frentanus
590 1385 618 1436 in
629 1386 720 1437 armis.
827 1387 877 1437 5111

80 1453 160 1515 Tum,
172 1466 225 1517 qua
236 1451 359 1502 uitiferos
370 1452 486 1503 domitat
496 1453 639 1506 Praetutia
648 1456 743 1523 pubes,

77 1519 168 1571 Laeta
178 1520 289 1581 labon's,
302 1534 392 1587 agros,
404 1528 431 1571 et
442 1536 543 1586 penna,
557 1531 585 1574 et
597 1523 717 1588 fulmine,
729 1533 757 1576 et
768 1542 815 1577 un-

553 1592 594 1643 dis

78 1657 217 1718 Hibernis,
229 1661 257 1705 et
267 1654 449 1708 Achaemenio
461 1658 582 1710 velocior
594 1676 659 1713 arcu

78 1726 186 1778 Evolat.
216 1725 352 1775 llottator
363 1726 412 1776 sibi
425 1728 551 1792 quisque:
561 1729 627 1794 Age,
639 1744 732 1797 perge,
744 1732 814 1784 salu-

552 1801 607 1846 tem

76 1866 214 1918 Ausoniae
225 1863 358 1932 ancipites
365 1860 471 1932 Superi,
484 1869 520 1925 et,
532 1869 587 1917 stet
593 1865 812 1935 llomacadatne,
824 1872 876 1925 515

76 1936 107 1987 ln
117 1935 233 2003 pedibus
244 1950 361 2002 posuere
375 1937 438 1999 tuis,
451 1936 632 2004 clamantque,
642 1946 787 2007 ruuntque.

76 2005 216 2057 Hortandi
225 2020 311 2073 genus
322 2020 386 2056 acer
396 2003 480 2056 babet
489 2008 656 2073 praecedere
667 2009 773 2062 ductor.

75 2076 154 2126 lllum
166 2082 267 2142 augent
280 2090 374 2126 cursus
387 2077 472 2127 annisi
484 2091 602 2144 aequare
612 2079 762 2144 sequendo,

74 2147 163 2213 Atque
172 2143 302 2195 indefessi
314 2151 476 2212 noctemque
488 2146 613 2215 diemque
624 2146 756 2200 feruntur.

75 2216 109 2266 nt
118 2215 208 2267 Roma
219 2214 326 2266 adversi
336 2220 442 2266 tantum
452 2215 525 2266 mala
535 2216 650 2284 gliscere
662 2218 726 2269 belli
822 2220 874 2270 5811

74 2286 227 2351 Accipiens,
238 2285 376 2350 trepidare
387 2291 471 2346 metu,
481 2286 647 2356 nimiumque
656 2287 681 2338 N
683 2303 794 2341 cronem

75 2351 234 2421 speravisse
246 2355 330 2421 queri,
342 2360 423 2421 atque
434 2369 488 2405 une
499 2355 550 2406 sibi
560 2358 671 2408 vulnere
682 2372 764 2424 posse

73 2422 181 2474 auferri
192 2428 341 2474 restantem
348 2425 473 2475 animam.
484 2424 638 2488 Nonarma,
649 2440 811 2491 nceaurum,

74 2491 133 2544 Nec
144 2492 258 2559 pubem,
270 2508 334 2556 nec,
347 2508 425 2560 quem
437 2491 566 2556 fundant,
576 2509 721 2560 superesse
733 2512 811 2550 cruo-

547 2577 614 2615 rem.

71 2628 185 2679 Scilicet
191 2628 397 2684 Hasdrubalem
408 2632 537 2699 invadat,
547 2636 598 2704 qui
607 2635 646 2688 ad
651 2636 771 2705 proebe
778 2631 904 2686 sonuum

57 2694 211 2744 Hannibali
219 2699 288 2751 satis
300 2716 364 2754 esse
376 2706 495 2776 nequitl
506 2709 574 2761 lam
584 2707 864 2772 rursusmb'narmn
