1920 2962
159 169 210 221 258
353 165 382 215 C.
413 162 518 214 SlLll
545 160 712 213 lubic!

157 289 194 338 Et
205 284 285 337 simul
296 284 386 350 erupit
396 283 478 334 motis
488 283 625 333 exercitus
636 282 730 344 mmm,

155 355 290 407 Funditur
300 354 440 405 immixtus
450 353 554 420 genritu
565 351 747 418 precibusque
756 366 805 418 per
814 353 881 403 altos

155 424 197 474 Ad
209 424 316 475 coelum
327 437 420 473 muros
431 422 554 489 plangor,
565 436 734 489 sparsaeque
743 421 839 474 solatis

157 493 281 544 crinibus
292 492 431 543 exululant
440 496 551 553 matres,
563 496 646 558 atquc
655 490 745 543 ubera
753 491 860 543 nudant.

114 564 147 611 llll
157 563 268 614 Fulvius
280 561 439 612 antevolans
450 575 556 627 agmen,
567 560 634 621 uuis
643 561 761 624 nesciat,
769 560 860 629 inquit,

156 630 219 681 Non
230 636 328 696 sponte
338 629 373 680 ad
383 635 493 679 nomios
504 629 628 680 Poenum
636 629 745 681 venisse
755 626 877 698 penates!

156 701 276 767 ¹lportis
287 698 358 767 fugit
367 700 485 764 Capuae.
505 695 674 751 subnectere
684 698 764 765 plura

157 770 308 821 Conantem
318 769 404 819 tristis
414 766 483 818 coeli
495 782 556 818 cum
566 782 705 819 murmure
715 774 796 823 vasto

157 838 292 889 Turbavit
302 837 404 905 fragor,
416 841 444 888 et
456 837 547 887 subita
555 836 589 889 de
600 837 673 887 nube
683 838 831 904 procellae.

114 907 146 955 05
159 909 270 974 Iupiter,
282 904 444 973 Aethiopum
455 920 581 957 remeans
590 906 697 967 tellure,
707 908 853 959 minentem

157 974 290 1025 Romuleo
303 974 426 1025 Poenum
437 980 468 1024 ut
477 975 546 1025 vidit
556 975 705 1027 succedere
715 976 799 1040 vallo,

159 1043 303 1094 coelicolis
313 1043 414 1109 raptim
424 1044 530 1105 excitis,
542 1043 691 1096 defendere
700 1050 781 1097 tecta

158 1113 299 1176 Dardana,
311 1117 339 1164 et
349 1113 377 1163 in
388 1117 494 1179 septem
505 1113 658 1166 discurrere
667 1115 790 1167 iusserat
798 1130 877 1167 arces·

157 1184 220 1250 lpse
232 1198 247 1233 e
258 1184 380 1249 Tarpeio
391 1181 511 1233 sublimis
522 1183 625 1234 vertice
634 1189 745 1248 cuncta,

99 1251 148 1301 tto
160 1253 198 1302 Et
207 1258 303 1302 ventos
314 1251 402 1312 simul,
413 1257 442 1301 et
451 1251 546 1315 nubes,
558 1257 588 1302 et
596 1252 737 1320 grandinis
748 1256 815 1319 iras,

158 1319 345 1386 Fulminaque,
363 1321 528 1383 ottonibus,
540 1326 568 1372 et
578 1322 686 1373 nimbos
697 1325 809 1375 conciet
818 1330 886 1377 auos

159 1388 290 1439 concussi
299 1393 436 1438 tremuere
447 1389 513 1454 poli,
526 1390 686 1459 coelumque
696 1393 821 1445 tenebris

159 1456 307 1519 Clauditur,
317 1462 346 1507 et
354 1462 443 1508 terras
454 1473 539 1510 caeco
551 1474 606 1511 uox
616 1461 711 1512 condit
721 1464 834 1515 amictu.

159 1527 246 1576 lnstat
256 1532 406 1593 tempestas
418 1528 513 1591 oculis,
524 1527 651 1598 hostique
662 1533 819 1652 propinpuo

98 1594 147 1645 515
158 1595 245 1646 Roma
254 1595 329 1646 latet.
340 1597 435 1647 laetae
444 1598 472 1648 in
482 1603 586 1650 aumas
598 1614 647 1665 per
656 1600 752 1651 nubila
780 1614 877 1652 ammae

160 1663 311 1716 Stridorem
323 1671 442 1729 servant,
453 1667 635 1735 membrisque
645 1669 769 1722 insibilat
778 1672 855 1740 ignis.

161 1735 231 1786 ilinc
242 1734 340 1798 Notus,
350 1734 412 1787 hinc
422 1737 537 1799 Boreas,
548 1735 611 1788 hinc
622 1736 707 1789 fuscis
718 1739 828 1792 Africus
837 1738 879 1791 alis

159 1805 237 1855 Bella
248 1811 367 1867 movent,
379 1807 486 1873 quantis
498 1808 602 1857 animos
613 1813 642 1858 et
651 1813 770 1873 pectora
778 1809 877 1877 posa'al

160 1875 225 1924 lrati
239 1877 340 1925 satiare
351 1876 432 1927 lovis.
451 1875 525 1926 Fluit
536 1891 634 1943 agmen
645 1892 790 1944 aquarum,

99 1941 149 1991 620
162 1944 283 1993 Turbine
295 1942 437 1995 confusum
447 1946 526 2011 picco
537 1951 565 1996 et
574 1947 700 2012 nigrante
711 1949 842 2014 procella,

157 2011 245 2076 Atque
257 2024 351 2061 omnes
362 2013 436 2064 circa
445 2029 557 2080 campos
567 2016 759 2081 spumantibus
767 2018 846 2069 undis

157 2079 280 2129 involvit.
302 2079 394 2132 Celsus
405 2099 509 2134 summe
520 2084 553 2136 de
565 2084 681 2136 culmine
690 2089 795 2140 montis

156 2147 297 2214 Regnator
308 2147 442 2216 Superum
453 2154 560 2204 sublata
570 2153 684 2205 fulmina
695 2156 796 2208 dextra

155 2215 289 2278 Libravit
303 2217 454 2287 clypeoque
465 2222 550 2285 ducis,
561 2239 615 2274 non
626 2223 726 2276 cedere
737 2228 816 2290 certi,

97 2287 147 2337 625
159 2288 284 2338 lncassit.
305 2284 417 2339 Summa
426 2290 573 2357 liquefacta
584 2298 626 2344 est
637 2295 729 2360 cuspis
739 2297 768 2347 in
777 2294 861 2357 basta,

160 2359 198 2410 Et
208 2355 295 2418 fluxit,
307 2371 357 2408 ceu
369 2365 512 2424 correptus
524 2361 691 2426 fornacibus,
704 2366 787 2417 ensis.

156 2427 294 2478 Ambustis
305 2427 354 2478 sed
367 2429 438 2479 enim
450 2429 550 2482 ductor
561 2430 690 2484 Sidonius
702 2436 787 2487 armis

157 2493 278 2546 Sistebat
288 2499 388 2562 socios,
400 2503 428 2548 et
440 2513 551 2550 caecum
564 2516 578 2552 e
589 2501 705 2554 nubibus
716 2504 819 2571 ignem,

151 2565 353 2635 Murmuraque
365 2583 385 2618 a
392 2568 483 2619 nentis
490 2570 603 2619 misceri
608 2585 683 2620 rana
690 2571 819 2625 docebat.

81 2637 138 2690 630
151 2637 285 2691 Tandem
297 2643 366 2704 post
377 2637 474 2688 clades
485 2637 593 2686 socium
601 2637 727 2698 coelique
732 2641 852 2696 ruinam,
905 2676 908 2681 .

141 2711 170 2767 N
170 2728 213 2766 on
227 2708 359 2764 hosteim
369 2706 478 2759 nimbis
487 2706 632 2763 memnon
641 2700 829 2757 enutriti&
