<?xml version="1.0" encoding="UTF-8"?>
<!DOCTYPE html PUBLIC "-//W3C//DTD XHTML 1.0 Transitional//EN"
    "http://www.w3.org/TR/xhtml1/DTD/xhtml1-transitional.dtd">
<html xmlns="http://www.w3.org/1999/xhtml" xml:lang="en" lang="en">
 <head>
  <title>
</title>
<meta http-equiv="Content-Type" content="text/html;charset=utf-8" />
  <meta name='ocr-system' content='tesseract 3.04.00' />
  <meta name='ocr-capabilities' content='ocr_page ocr_carea ocr_par ocr_line ocrx_word'/>
</head>
<body>
  <div class='ocr_page' id='page_1' title='image "./punicorumlibrix00italgoog/punicorumlibrix00italgoog_0202.png"; bbox 0 0 1920 2962; ppageno 0'>
   <div class='ocr_carea' id='block_1_1' title="bbox 155 181 712 242">
    <p class='ocr_par' dir='ltr' id='par_1_1' title="bbox 155 181 712 242">
     <span class='ocr_line' id='line_1_1' title="bbox 155 181 712 242; baseline -0.043 10"><span class='ocrx_word' id='word_1_1' title='bbox 155 186 208 242; x_wconf 77' lang='lat'><strong>1⁹4</strong></span> <span class='ocrx_word' id='word_1_2' title='bbox 356 186 386 235; x_wconf 84' lang='lat' dir='ltr'><strong>c.</strong></span> <span class='ocrx_word' id='word_1_3' title='bbox 412 181 517 235; x_wconf 81' lang='lat' dir='ltr'><strong>siun</strong></span> <span class='ocrx_word' id='word_1_4' title='bbox 545 181 712 237; x_wconf 78' lang='lat' dir='ltr'><strong>rriurcr</strong></span> 
     </span>
    </p>
   </div>
   <div class='ocr_carea' id='block_1_2' title="bbox 80 302 882 2734">
    <p class='ocr_par' dir='ltr' id='par_1_2' title="bbox 152 302 861 441">
     <span class='ocr_line' id='line_1_2' title="bbox 153 302 795 370; baseline 0 -15"><span class='ocrx_word' id='word_1_5' title='bbox 153 304 287 370; x_wconf 85' lang='lat' dir='ltr'><strong>Exemplo</strong></span> <span class='ocrx_word' id='word_1_6' title='bbox 297 303 405 365; x_wconf 87' lang='lat' dir='ltr'><strong>doctus,</strong></span> <span class='ocrx_word' id='word_1_7' title='bbox 417 302 551 370; x_wconf 78' lang='lat' dir='ltr'>porgebat</span> <span class='ocrx_word' id='word_1_8' title='bbox 561 302 687 368; x_wconf 87' lang='lat' dir='ltr'><strong>protinus</strong></span> <span class='ocrx_word' id='word_1_9' title='bbox 699 317 795 355; x_wconf 86' lang='lat' dir='ltr'><strong>ensem</strong></span> 
     </span>
     <span class='ocr_line' id='line_1_3' title="bbox 152 371 861 441; baseline 0.003 -16"><span class='ocrx_word' id='word_1_10' title='bbox 152 374 303 425; x_wconf 79' lang='lat' dir='ltr'><strong>Aetnaeum</strong></span> <span class='ocrx_word' id='word_1_11' title='bbox 313 375 341 423; x_wconf 92' lang='lat' dir='ltr'><strong>in</strong></span> <span class='ocrx_word' id='word_1_12' title='bbox 353 388 458 441; x_wconf 81' lang='lat' dir='ltr'><strong>pugnas</strong></span> <span class='ocrx_word' id='word_1_13' title='bbox 468 372 568 434; x_wconf 85' lang='lat' dir='ltr'><strong>iuveni,</strong></span> <span class='ocrx_word' id='word_1_14' title='bbox 579 385 613 422; x_wconf 88' lang='lat' dir='ltr'><strong>ac</strong></span> <span class='ocrx_word' id='word_1_15' title='bbox 622 371 733 422; x_wconf 86' lang='lat' dir='ltr'><strong>maiora</strong></span> <span class='ocrx_word' id='word_1_16' title='bbox 742 372 861 427; x_wconf 78' lang='lat' dir='ltr'><strong>iubebat.</strong></span> 
     </span>
    </p>

    <p class='ocr_par' dir='ltr' id='par_1_3' title="bbox 92 440 863 788">
     <span class='ocr_line' id='line_1_4' title="bbox 92 440 859 511; baseline 0 -16"><span class='ocrx_word' id='word_1_17' title='bbox 92 442 145 495; x_wconf 87' lang='grc'><strong>400</strong></span> <span class='ocrx_word' id='word_1_18' title='bbox 156 444 229 494; x_wconf 88' lang='lat' dir='ltr'><strong>Tum</strong></span> <span class='ocrx_word' id='word_1_19' title='bbox 236 445 323 510; x_wconf 82' lang='lat' dir='ltr'><strong>virgo,</strong></span> <span class='ocrx_word' id='word_1_20' title='bbox 333 444 477 511; x_wconf 82' lang='lat' dir='ltr'><strong>ignescens</strong></span> <span class='ocrx_word' id='word_1_21' title='bbox 487 441 604 507; x_wconf 83' lang='lat' dir='ltr'><strong>penitus,</strong></span> <span class='ocrx_word' id='word_1_22' title='bbox 614 440 740 493; x_wconf 79' lang='lat' dir='ltr'><strong>violenta</strong></span> <span class='ocrx_word' id='word_1_23' title='bbox 748 448 859 511; x_wconf 82' lang='lat' dir='ltr'><strong>repente</strong></span> 
     </span>
     <span class='ocr_line' id='line_1_5' title="bbox 155 509 863 581; baseline -0.004 -17"><span class='ocrx_word' id='word_1_24' title='bbox 155 511 273 564; x_wconf 81' lang='lat' dir='ltr'><strong>Sulludit</strong></span> <span class='ocrx_word' id='word_1_25' title='bbox 282 511 398 562; x_wconf 86' lang='lat' dir='ltr'><strong>flammis</strong></span> <span class='ocrx_word' id='word_1_26' title='bbox 409 526 467 572; x_wconf 87' lang='lat' dir='ltr'><strong>ora,</strong></span> <span class='ocrx_word' id='word_1_27' title='bbox 479 516 569 577; x_wconf 85' lang='lat' dir='ltr'><strong>atque,</strong></span> <span class='ocrx_word' id='word_1_28' title='bbox 582 509 694 577; x_wconf 87' lang='lat' dir='ltr'><strong>obliqua</strong></span> <span class='ocrx_word' id='word_1_29' title='bbox 704 516 863 581; x_wconf 77' lang='lat' dir='ltr'><strong>retorqueas</strong></span> 
     </span>
     <span class='ocr_line' id='line_1_6' title="bbox 154 578 796 646; baseline 0 -13"><span class='ocrx_word' id='word_1_30' title='bbox 154 582 280 644; x_wconf 88' lang='lat' dir='ltr'><strong>Lumina,</strong></span> <span class='ocrx_word' id='word_1_31' title='bbox 290 582 402 633; x_wconf 85' lang='lat' dir='ltr'><strong>turbato</strong></span> <span class='ocrx_word' id='word_1_32' title='bbox 413 580 551 646; x_wconf 85' lang='lat' dir='ltr'><strong>superavit</strong></span> <span class='ocrx_word' id='word_1_33' title='bbox 564 578 699 646; x_wconf 77' lang='lat' dir='ltr'><strong>Gorgona</strong></span> <span class='ocrx_word' id='word_1_34' title='bbox 708 580 796 633; x_wconf 73' lang='lat' dir='ltr'><strong>vultu.</strong></span> 
     </span>
     <span class='ocr_line' id='line_1_7' title="bbox 156 645 795 716; baseline -0.002 -14"><span class='ocrx_word' id='word_1_35' title='bbox 156 653 276 702; x_wconf 83' lang='lat' dir='ltr'><strong>Erexere</strong></span> <span class='ocrx_word' id='word_1_36' title='bbox 288 666 383 702; x_wconf 87' lang='lat' dir='ltr'><strong>omnes</strong></span> <span class='ocrx_word' id='word_1_37' title='bbox 393 649 523 710; x_wconf 85' lang='lat' dir='ltr'><strong>immania</strong></span> <span class='ocrx_word' id='word_1_38' title='bbox 533 647 657 699; x_wconf 84' lang='lat' dir='ltr'><strong>membra</strong></span> <span class='ocrx_word' id='word_1_39' title='bbox 666 645 795 716; x_wconf 77' lang='lat' dir='ltr'><strong>chelydri</strong></span> 
     </span>
     <span class='ocr_line' id='line_1_8' title="bbox 155 716 807 788; baseline 0.002 -18"><span class='ocrx_word' id='word_1_40' title='bbox 155 721 257 788; x_wconf 84' lang='lat' dir='ltr'><strong>Aegide</strong></span> <span class='ocrx_word' id='word_1_41' title='bbox 269 725 416 781; x_wconf 82' lang='lat' dir='ltr'><strong>commota,</strong></span> <span class='ocrx_word' id='word_1_42' title='bbox 427 720 562 786; x_wconf 82' lang='lat' dir='ltr'>primique</span> <span class='ocrx_word' id='word_1_43' title='bbox 573 716 674 769; x_wconf 82' lang='lat' dir='ltr'><strong>firroris</strong></span> <span class='ocrx_word' id='word_1_44' title='bbox 686 717 807 771; x_wconf 83' lang='lat' dir='ltr'><strong>edictus</strong></span> 
     </span>
    </p>

    <p class='ocr_par' dir='ltr' id='par_1_4' title="bbox 95 788 862 1133">
     <span class='ocr_line' id='line_1_9' title="bbox 95 788 862 857; baseline -0.003 -16"><span class='ocrx_word' id='word_1_45' title='bbox 95 789 146 841; x_wconf 76' lang='grc'><strong>405</strong></span> <span class='ocrx_word' id='word_1_46' title='bbox 157 790 260 842; x_wconf 78' lang='lat' dir='ltr'><strong>Retulit</strong></span> <span class='ocrx_word' id='word_1_47' title='bbox 269 791 327 857; x_wconf 91' lang='lat' dir='ltr'><strong>ipse</strong></span> <span class='ocrx_word' id='word_1_48' title='bbox 337 789 435 856; x_wconf 87' lang='lat' dir='ltr'><strong>pedem</strong></span> <span class='ocrx_word' id='word_1_49' title='bbox 446 790 546 840; x_wconf 85' lang='lat' dir='ltr'><strong>sensim</strong></span> <span class='ocrx_word' id='word_1_50' title='bbox 558 802 575 838; x_wconf 90' lang='lat' dir='ltr'><strong>a</strong></span> <span class='ocrx_word' id='word_1_51' title='bbox 586 788 739 839; x_wconf 85' lang='lat' dir='ltr'><strong>certamine</strong></span> <span class='ocrx_word' id='word_1_52' title='bbox 748 788 862 841; x_wconf 78' lang='lat' dir='ltr'><strong>Mavors.</strong></span> 
     </span>
     <span class='ocr_line' id='line_1_10' title="bbox 155 857 830 924; baseline -0.001 -14"><span class='ocrx_word' id='word_1_53' title='bbox 155 861 210 910; x_wconf 85' lang='lat' dir='ltr'><strong>llic</strong></span> <span class='ocrx_word' id='word_1_54' title='bbox 221 859 282 910; x_wconf 87' lang='lat' dir='ltr'><strong>Dea</strong></span> <span class='ocrx_word' id='word_1_55' title='bbox 292 859 448 910; x_wconf 83' lang='lat' dir='ltr'><strong>convulsam</strong></span> <span class='ocrx_word' id='word_1_56' title='bbox 458 857 554 924; x_wconf 87' lang='lat' dir='ltr'><strong>rapido</strong></span> <span class='ocrx_word' id='word_1_57' title='bbox 566 858 711 908; x_wconf 86' lang='lat' dir='ltr'><strong>conamina</strong></span> <span class='ocrx_word' id='word_1_58' title='bbox 723 864 830 924; x_wconf 88' lang='lat' dir='ltr'><strong>partem</strong></span> 
     </span>
     <span class='ocr_line' id='line_1_11' title="bbox 155 924 777 994; baseline -0.002 -15"><span class='ocrx_word' id='word_1_59' title='bbox 155 928 247 980; x_wconf 85' lang='lat' dir='ltr'><strong>Vicini</strong></span> <span class='ocrx_word' id='word_1_60' title='bbox 256 929 356 978; x_wconf 86' lang='lat' dir='ltr'><strong>montis</strong></span> <span class='ocrx_word' id='word_1_61' title='bbox 366 928 540 994; x_wconf 89' lang='lat' dir='ltr'><strong>scopulisque</strong></span> <span class='ocrx_word' id='word_1_62' title='bbox 551 924 695 977; x_wconf 73' lang='lat' dir='ltr'><strong>horrentia</strong></span> <span class='ocrx_word' id='word_1_63' title='bbox 705 942 777 978; x_wconf 84' lang='lat' dir='ltr'><strong>saxa</strong></span> 
     </span>
     <span class='ocr_line' id='line_1_12' title="bbox 155 995 822 1063; baseline 0.003 -16"><span class='ocrx_word' id='word_1_64' title='bbox 155 998 187 1047; x_wconf 89' lang='lat' dir='ltr'><strong>ln</strong></span> <span class='ocrx_word' id='word_1_65' title='bbox 197 997 315 1047; x_wconf 86' lang='lat' dir='ltr'><strong>Martem</strong></span> <span class='ocrx_word' id='word_1_66' title='bbox 327 995 473 1045; x_wconf 81' lang='lat' dir='ltr'><strong>buibunda</strong></span> <span class='ocrx_word' id='word_1_67' title='bbox 481 996 557 1057; x_wconf 87' lang='lat' dir='ltr'><strong>iacit,</strong></span> <span class='ocrx_word' id='word_1_68' title='bbox 568 996 706 1063; x_wconf 83' lang='lat' dir='ltr'><strong>longeque</strong></span> <span class='ocrx_word' id='word_1_69' title='bbox 717 996 822 1049; x_wconf 75' lang='lat' dir='ltr'><strong>relator</strong></span> 
     </span>
     <span class='ocr_line' id='line_1_13' title="bbox 155 1062 793 1133; baseline 0 -16"><span class='ocrx_word' id='word_1_70' title='bbox 155 1065 276 1133; x_wconf 82' lang='lat' dir='ltr'><strong>Expavit</strong></span> <span class='ocrx_word' id='word_1_71' title='bbox 286 1066 400 1127; x_wconf 88' lang='lat' dir='ltr'><strong>sonitus,</strong></span> <span class='ocrx_word' id='word_1_72' title='bbox 411 1064 577 1115; x_wconf 84' lang='lat' dir='ltr'><strong>tremefacto</strong></span> <span class='ocrx_word' id='word_1_73' title='bbox 586 1064 677 1126; x_wconf 90' lang='lat' dir='ltr'><strong>litore,</strong></span> <span class='ocrx_word' id='word_1_74' title='bbox 691 1062 793 1119; x_wconf 80' lang='lat' dir='ltr'><strong>Sason.</strong></span> 
     </span>
    </p>

    <p class='ocr_par' dir='ltr' id='par_1_5' title="bbox 94 1131 851 1480">
     <span class='ocr_line' id='line_1_14' title="bbox 94 1131 851 1205; baseline 0.001 -20"><span class='ocrx_word' id='word_1_75' title='bbox 94 1136 146 1185; x_wconf 76' lang='grc'><strong>470</strong></span> <span class='ocrx_word' id='word_1_76' title='bbox 157 1136 192 1185; x_wconf 90' lang='lat' dir='ltr'><strong>At</strong></span> <span class='ocrx_word' id='word_1_77' title='bbox 202 1151 257 1186; x_wconf 87' lang='lat' dir='ltr'><strong>nou</strong></span> <span class='ocrx_word' id='word_1_78' title='bbox 269 1131 338 1185; x_wconf 87' lang='lat' dir='ltr'><strong>baec</strong></span> <span class='ocrx_word' id='word_1_79' title='bbox 351 1131 485 1200; x_wconf 79' lang='lat' dir='ltr'><strong>Superum</strong></span> <span class='ocrx_word' id='word_1_80' title='bbox 496 1134 626 1186; x_wconf 85' lang='lat' dir='ltr'><strong>fallebant</strong></span> <span class='ocrx_word' id='word_1_81' title='bbox 636 1133 746 1200; x_wconf 87' lang='lat' dir='ltr'><strong>proelia</strong></span> <span class='ocrx_word' id='word_1_82' title='bbox 754 1150 851 1205; x_wconf 73' lang='lat' dir='ltr'><strong>regem.</strong></span> 
     </span>
     <span class='ocr_line' id='line_1_15' title="bbox 155 1202 805 1270; baseline 0.003 -15"><span class='ocrx_word' id='word_1_83' title='bbox 155 1204 283 1256; x_wconf 88' lang='lat' dir='ltr'><strong>Demittit</strong></span> <span class='ocrx_word' id='word_1_84' title='bbox 293 1218 411 1270; x_wconf 88' lang='lat' dir='ltr'><strong>propere</strong></span> <span class='ocrx_word' id='word_1_85' title='bbox 422 1205 590 1254; x_wconf 79' lang='lat' dir='ltr'><strong>succinctam</strong></span> <span class='ocrx_word' id='word_1_86' title='bbox 600 1202 719 1255; x_wconf 85' lang='lat' dir='ltr'><strong>nubibus</strong></span> <span class='ocrx_word' id='word_1_87' title='bbox 729 1206 805 1270; x_wconf 83' lang='lat' dir='ltr'><strong>lrlrn,</strong></span> 
     </span>
     <span class='ocr_line' id='line_1_16' title="bbox 156 1271 762 1336; baseline 0.005 -13"><span class='ocrx_word' id='word_1_88' title='bbox 156 1273 233 1333; x_wconf 76' lang='lat' dir='ltr'><strong>Quae</strong></span> <span class='ocrx_word' id='word_1_89' title='bbox 244 1274 341 1323; x_wconf 89' lang='lat' dir='ltr'><strong>nimios</strong></span> <span class='ocrx_word' id='word_1_90' title='bbox 352 1272 442 1323; x_wconf 85' lang='lat' dir='ltr'><strong>frenet</strong></span> <span class='ocrx_word' id='word_1_91' title='bbox 451 1278 551 1336; x_wconf 82' lang='lat' dir='ltr'><strong>motus,</strong></span> <span class='ocrx_word' id='word_1_92' title='bbox 562 1288 595 1324; x_wconf 88' lang='lat' dir='ltr'><strong>uc</strong></span> <span class='ocrx_word' id='word_1_93' title='bbox 605 1271 674 1323; x_wconf 78' lang='lat' dir='ltr'><strong>talia</strong></span> <span class='ocrx_word' id='word_1_94' title='bbox 682 1271 762 1326; x_wconf 82' lang='lat' dir='ltr'><strong>latur</strong></span> 
     </span>
     <span class='ocr_line' id='line_1_17' title="bbox 154 1341 766 1407; baseline 0 -13"><span class='ocrx_word' id='word_1_95' title='bbox 154 1344 176 1404; x_wconf 89' lang='lat' dir='ltr'><strong>l,</strong></span> <span class='ocrx_word' id='word_1_96' title='bbox 189 1342 263 1404; x_wconf 86' lang='lat' dir='ltr'><strong>Dea,</strong></span> <span class='ocrx_word' id='word_1_97' title='bbox 275 1348 303 1391; x_wconf 90' lang='lat' dir='ltr'><strong>et</strong></span> <span class='ocrx_word' id='word_1_98' title='bbox 314 1341 442 1392; x_wconf 87' lang='lat' dir='ltr'><strong>Oenotris</strong></span> <span class='ocrx_word' id='word_1_99' title='bbox 452 1342 532 1393; x_wconf 79' lang='lat' dir='ltr'><strong>velox</strong></span> <span class='ocrx_word' id='word_1_100' title='bbox 542 1341 661 1394; x_wconf 86' lang='lat' dir='ltr'><strong>allabere</strong></span> <span class='ocrx_word' id='word_1_101' title='bbox 672 1345 766 1407; x_wconf 85' lang='lat' dir='ltr'><strong>terris,</strong></span> 
     </span>
     <span class='ocr_line' id='line_1_18' title="bbox 159 1410 825 1480; baseline 0.003 -18"><span class='ocrx_word' id='word_1_102' title='bbox 159 1410 350 1476; x_wconf 81' lang='lat' dir='ltr'><strong>Germanoque</strong></span> <span class='ocrx_word' id='word_1_103' title='bbox 360 1415 462 1473; x_wconf 88' lang='lat' dir='ltr'><strong>truces,</strong></span> <span class='ocrx_word' id='word_1_104' title='bbox 475 1411 528 1475; x_wconf 89' lang='lat' dir='ltr'><strong>dic,</strong></span> <span class='ocrx_word' id='word_1_105' title='bbox 539 1412 631 1463; x_wconf 86' lang='lat' dir='ltr'><strong>Pallas</strong></span> <span class='ocrx_word' id='word_1_106' title='bbox 640 1413 751 1480; x_wconf 80' lang='lat' dir='ltr'><strong>mitiget</strong></span> <span class='ocrx_word' id='word_1_107' title='bbox 760 1415 825 1478; x_wconf 80' lang='lat' dir='ltr'><strong>iras,</strong></span> 
     </span>
    </p>

    <p class='ocr_par' dir='ltr' id='par_1_6' title="bbox 95 1479 783 1550">
     <span class='ocr_line' id='line_1_19' title="bbox 95 1479 783 1550; baseline 0.004 -20"><span class='ocrx_word' id='word_1_108' title='bbox 95 1480 146 1531; x_wconf 73' lang='lat'><strong>4¹15</strong></span> <span class='ocrx_word' id='word_1_109' title='bbox 158 1479 217 1532; x_wconf 91' lang='lat' dir='ltr'><strong>Nec</strong></span> <span class='ocrx_word' id='word_1_110' title='bbox 228 1485 321 1546; x_wconf 77' lang='lat' dir='ltr'><strong>speret</strong></span> <span class='ocrx_word' id='word_1_111' title='bbox 330 1480 399 1532; x_wconf 82' lang='lat' dir='ltr'><strong>fixas</strong></span> <span class='ocrx_word' id='word_1_112' title='bbox 410 1480 560 1532; x_wconf 81' lang='lat' dir='ltr'><strong>Parcarum</strong></span> <span class='ocrx_word' id='word_1_113' title='bbox 570 1485 679 1532; x_wconf 80' lang='lat' dir='ltr'><strong>vertere</strong></span> <span class='ocrx_word' id='word_1_114' title='bbox 691 1481 783 1550; x_wconf 79' lang='lat' dir='ltr'><strong>leges:</strong></span> 
     </span>
    </p>

    <p class='ocr_par' dir='ltr' id='par_1_7' title="bbox 156 1549 806 1611">
     <span class='ocr_line' id='line_1_20' title="bbox 156 1549 806 1611; baseline 0.006 -10"><span class='ocrx_word' id='word_1_115' title='bbox 156 1550 209 1601; x_wconf 89' lang='lat' dir='ltr'><strong>Dic</strong></span> <span class='ocrx_word' id='word_1_116' title='bbox 221 1552 313 1611; x_wconf 87' lang='lat' dir='ltr'><strong>etiam,</strong></span> <span class='ocrx_word' id='word_1_117' title='bbox 324 1549 358 1600; x_wconf 89' lang='lat' dir='ltr'><strong>Ni</strong></span> <span class='ocrx_word' id='word_1_118' title='bbox 371 1550 487 1610; x_wconf 79' lang='lat' dir='ltr'><strong>desistis,</strong></span> <span class='ocrx_word' id='word_1_119' title='bbox 500 1554 573 1609; x_wconf 79' lang='lat' dir='ltr'><strong>(nam</strong></span> <span class='ocrx_word' id='word_1_120' title='bbox 584 1551 659 1602; x_wconf 80' lang='lat' dir='ltr'><strong>virus</strong></span> <span class='ocrx_word' id='word_1_121' title='bbox 671 1554 700 1601; x_wconf 89' lang='lat' dir='ltr'><strong>et</strong></span> <span class='ocrx_word' id='word_1_122' title='bbox 711 1558 806 1605; x_wconf 88' lang='lat' dir='ltr'><strong>aestus</strong></span> 
     </span>
    </p>

    <p class='ocr_par' dir='ltr' id='par_1_8' title="bbox 155 1618 813 1686">
     <span class='ocr_line' id='line_1_21' title="bbox 155 1618 813 1686; baseline 0.003 -15"><span class='ocrx_word' id='word_1_123' title='bbox 155 1618 348 1671; x_wconf 85' lang='lat' dir='ltr'><strong>Flammiferae</strong></span> <span class='ocrx_word' id='word_1_124' title='bbox 359 1620 421 1670; x_wconf 83' lang='lat' dir='ltr'><strong>novi</strong></span> <span class='ocrx_word' id='word_1_125' title='bbox 433 1621 542 1681; x_wconf 79' lang='lat' dir='ltr'><strong>mentis)</strong></span> <span class='ocrx_word' id='word_1_126' title='bbox 554 1635 606 1671; x_wconf 88' lang='lat' dir='ltr'><strong>neo</strong></span> <span class='ocrx_word' id='word_1_127' title='bbox 617 1619 723 1686; x_wconf 79' lang='lat' dir='ltr'><strong>colligis</strong></span> <span class='ocrx_word' id='word_1_128' title='bbox 732 1622 813 1685; x_wconf 72' lang='lat' dir='ltr'><strong>irent,</strong></span> 
     </span>
    </p>

    <p class='ocr_par' dir='ltr' id='par_1_9' title="bbox 155 1686 863 1810">
     <span class='ocr_line' id='line_1_22' title="bbox 155 1686 863 1758; baseline 0 -18"><span class='ocrx_word' id='word_1_129' title='bbox 155 1689 258 1758; x_wconf 82' lang='lat' dir='ltr'><strong>Aegide</strong></span> <span class='ocrx_word' id='word_1_130' title='bbox 277 1689 446 1757; x_wconf 84' lang='lat' dir='ltr'><strong>praecellant</strong></span> <span class='ocrx_word' id='word_1_131' title='bbox 467 1696 596 1754; x_wconf 89' lang='lat' dir='ltr'><strong>quantum</strong></span> <span class='ocrx_word' id='word_1_132' title='bbox 619 1686 734 1740; x_wconf 85' lang='lat' dir='ltr'><strong>horrida</strong></span> <span class='ocrx_word' id='word_1_133' title='bbox 757 1690 863 1743; x_wconf 74' lang='lat' dir='ltr'><strong>Arimino</strong></span> 
     </span>
     <span class='ocr_line' id='line_1_23' title="bbox 630 1773 738 1810; baseline 0.028 -3"><span class='ocrx_word' id='word_1_134' title='bbox 630 1773 738 1810; x_wconf 88' lang='lat' dir='ltr'><strong>nosces.</strong></span> 
     </span>
    </p>

    <p class='ocr_par' dir='ltr' id='par_1_10' title="bbox 157 1826 882 1897">
     <span class='ocr_line' id='line_1_24' title="bbox 157 1826 882 1897; baseline 0.003 -17"><span class='ocrx_word' id='word_1_135' title='bbox 157 1829 235 1890; x_wconf 73' lang='lat' dir='ltr'><strong>Quae</strong></span> <span class='ocrx_word' id='word_1_136' title='bbox 248 1836 394 1896; x_wconf 84' lang='lat' dir='ltr'><strong>postquam</strong></span> <span class='ocrx_word' id='word_1_137' title='bbox 407 1827 515 1893; x_wconf 86' lang='lat' dir='ltr'><strong>accepit</strong></span> <span class='ocrx_word' id='word_1_138' title='bbox 527 1826 654 1878; x_wconf 90' lang='lat' dir='ltr'><strong>dubitans</strong></span> <span class='ocrx_word' id='word_1_139' title='bbox 666 1829 797 1881; x_wconf 81' lang='lat' dir='ltr'><strong>Tritonia</strong></span> <span class='ocrx_word' id='word_1_140' title='bbox 810 1830 882 1897; x_wconf 67' lang='lat' dir='ltr'><strong>virga</strong></span> 
     </span>
    </p>

    <p class='ocr_par' dir='ltr' id='par_1_11' title="bbox 96 1897 867 2228">
     <span class='ocr_line' id='line_1_25' title="bbox 96 1897 810 1963; baseline 0.004 -15"><span class='ocrx_word' id='word_1_141' title='bbox 96 1897 147 1948; x_wconf 87' lang='grc'><strong>480</strong></span> <span class='ocrx_word' id='word_1_142' title='bbox 159 1897 218 1949; x_wconf 90' lang='lat' dir='ltr'><strong>Nec</strong></span> <span class='ocrx_word' id='word_1_143' title='bbox 230 1905 274 1949; x_wconf 87' lang='lat' dir='ltr'><strong>sat</strong></span> <span class='ocrx_word' id='word_1_144' title='bbox 284 1904 361 1949; x_wconf 81' lang='lat' dir='ltr'><strong>certa</strong></span> <span class='ocrx_word' id='word_1_145' title='bbox 371 1898 426 1959; x_wconf 88' lang='lat' dir='ltr'><strong>diu,</strong></span> <span class='ocrx_word' id='word_1_146' title='bbox 438 1897 534 1963; x_wconf 88' lang='lat' dir='ltr'><strong>patriis</strong></span> <span class='ocrx_word' id='word_1_147' title='bbox 545 1912 580 1947; x_wconf 88' lang='lat' dir='ltr'><strong>an</strong></span> <span class='ocrx_word' id='word_1_148' title='bbox 593 1897 705 1947; x_wconf 87' lang='lat' dir='ltr'><strong>cederet</strong></span> <span class='ocrx_word' id='word_1_149' title='bbox 716 1902 810 1962; x_wconf 86' lang='lat' dir='ltr'><strong>armis,</strong></span> 
     </span>
     <span class='ocr_line' id='line_1_26' title="bbox 156 1964 819 2035; baseline 0.008 -20"><span class='ocrx_word' id='word_1_150' title='bbox 156 1966 331 2026; x_wconf 79' lang='lat' dir='ltr'><strong>Absistemus,</strong></span> <span class='ocrx_word' id='word_1_151' title='bbox 344 1968 391 2026; x_wconf 87' lang='lat' dir='ltr'><strong>ait,</strong></span> <span class='ocrx_word' id='word_1_152' title='bbox 404 1981 510 2031; x_wconf 92' lang='lat' dir='ltr'><strong>campo.</strong></span> <span class='ocrx_word' id='word_1_153' title='bbox 547 1964 601 2016; x_wconf 85' lang='lat' dir='ltr'><strong>Sed</strong></span> <span class='ocrx_word' id='word_1_154' title='bbox 612 1965 727 2017; x_wconf 81' lang='lat' dir='ltr'><strong>Pallade</strong></span> <span class='ocrx_word' id='word_1_155' title='bbox 738 1969 819 2035; x_wconf 86' lang='lat' dir='ltr'><strong>pulsa</strong></span> 
     </span>
     <span class='ocr_line' id='line_1_27' title="bbox 155 2033 806 2102; baseline 0.008 -18"><span class='ocrx_word' id='word_1_156' title='bbox 155 2033 226 2084; x_wconf 91' lang='lat' dir='ltr'><strong>Num</strong></span> <span class='ocrx_word' id='word_1_157' title='bbox 237 2033 295 2082; x_wconf 86' lang='lat' dir='ltr'><strong>fata</strong></span> <span class='ocrx_word' id='word_1_158' title='bbox 306 2033 429 2085; x_wconf 77' lang='lat' dir='ltr'><strong>avertetl</strong></span> <span class='ocrx_word' id='word_1_159' title='bbox 440 2035 571 2102; x_wconf 88' lang='lat' dir='ltr'><strong>coeloque</strong></span> <span class='ocrx_word' id='word_1_160' title='bbox 584 2034 689 2085; x_wconf 83' lang='lat' dir='ltr'><strong>arcebit</strong></span> <span class='ocrx_word' id='word_1_161' title='bbox 699 2036 735 2087; x_wconf 89' lang='lat' dir='ltr'><strong>ab</strong></span> <span class='ocrx_word' id='word_1_162' title='bbox 747 2037 806 2089; x_wconf 90' lang='lat' dir='ltr'><strong>alto</strong></span> 
     </span>
     <span class='ocr_line' id='line_1_28' title="bbox 157 2098 867 2170; baseline 0.01 -18"><span class='ocrx_word' id='word_1_163' title='bbox 157 2103 273 2152; x_wconf 82' lang='lat' dir='ltr'><strong>Cernere</strong></span> <span class='ocrx_word' id='word_1_164' title='bbox 286 2102 407 2170; x_wconf 82' lang='lat' dir='ltr'><strong>Gargani</strong></span> <span class='ocrx_word' id='word_1_165' title='bbox 419 2103 554 2155; x_wconf 82' lang='lat' dir='ltr'><strong>ferventia</strong></span> <span class='ocrx_word' id='word_1_166' title='bbox 564 2105 693 2156; x_wconf 87' lang='lat' dir='ltr'><strong>caedibus</strong></span> <span class='ocrx_word' id='word_1_167' title='bbox 706 2105 793 2158; x_wconf 77' lang='lat' dir='ltr'><strong>arrei</strong></span> <span class='ocrx_word' id='word_1_168' title='bbox 862 2098 867 2109; x_wconf 74' lang='grc'><strong>’</strong></span> 
     </span>
     <span class='ocr_line' id='line_1_29' title="bbox 155 2171 827 2228; baseline 0.012 -8"><span class='ocrx_word' id='word_1_169' title='bbox 155 2171 234 2221; x_wconf 83' lang='lat' dir='ltr'><strong>llaec</strong></span> <span class='ocrx_word' id='word_1_170' title='bbox 245 2171 329 2222; x_wconf 83' lang='lat' dir='ltr'><strong>effata</strong></span> <span class='ocrx_word' id='word_1_171' title='bbox 341 2188 409 2223; x_wconf 86' lang='lat' dir='ltr'><strong>cava</strong></span> <span class='ocrx_word' id='word_1_172' title='bbox 419 2174 542 2225; x_wconf 90' lang='lat' dir='ltr'><strong>Poenum</strong></span> <span class='ocrx_word' id='word_1_173' title='bbox 551 2176 579 2225; x_wconf 93' lang='lat' dir='ltr'><strong>in</strong></span> <span class='ocrx_word' id='word_1_174' title='bbox 591 2175 745 2226; x_wconf 86' lang='lat' dir='ltr'><strong>certamina</strong></span> <span class='ocrx_word' id='word_1_175' title='bbox 753 2176 827 2228; x_wconf 78' lang='lat' dir='ltr'><strong>nubs</strong></span> 
     </span>
    </p>

    <p class='ocr_par' dir='ltr' id='par_1_12' title="bbox 95 2237 872 2591">
     <span class='ocr_line' id='line_1_30' title="bbox 95 2237 787 2313; baseline 0.009 -22"><span class='ocrx_word' id='word_1_176' title='bbox 95 2240 146 2291; x_wconf 82' lang='grc'><strong>485</strong></span> <span class='ocrx_word' id='word_1_177' title='bbox 159 2237 301 2290; x_wconf 83' lang='lat' dir='ltr'><strong>Sublatam</strong></span> <span class='ocrx_word' id='word_1_178' title='bbox 314 2241 421 2293; x_wconf 86' lang='lat' dir='ltr'><strong>diversa</strong></span> <span class='ocrx_word' id='word_1_179' title='bbox 431 2243 502 2305; x_wconf 89' lang='lat' dir='ltr'><strong>tulit,</strong></span> <span class='ocrx_word' id='word_1_180' title='bbox 513 2248 655 2311; x_wconf 85' lang='lat' dir='ltr'><strong>terrasque</strong></span> <span class='ocrx_word' id='word_1_181' title='bbox 665 2244 787 2313; x_wconf 77' lang='lat' dir='ltr'><strong>reliquit</strong></span> 
     </span>
     <span class='ocr_line' id='line_1_31' title="bbox 154 2308 849 2367; baseline 0.012 -7"><span class='ocrx_word' id='word_1_182' title='bbox 154 2311 189 2360; x_wconf 89' lang='lat' dir='ltr'><strong>At</strong></span> <span class='ocrx_word' id='word_1_183' title='bbox 201 2308 336 2361; x_wconf 83' lang='lat' dir='ltr'><strong>Gradivus</strong></span> <span class='ocrx_word' id='word_1_184' title='bbox 349 2316 429 2361; x_wconf 83' lang='lat' dir='ltr'><strong>atrox</strong></span> <span class='ocrx_word' id='word_1_185' title='bbox 439 2315 586 2365; x_wconf 85' lang='lat' dir='ltr'><strong>remeantis</strong></span> <span class='ocrx_word' id='word_1_186' title='bbox 596 2316 624 2363; x_wconf 90' lang='lat' dir='ltr'><strong>in</strong></span> <span class='ocrx_word' id='word_1_187' title='bbox 635 2311 751 2366; x_wconf 80' lang='lat' dir='ltr'><strong>aethera</strong></span> <span class='ocrx_word' id='word_1_188' title='bbox 761 2316 849 2367; x_wconf 79' lang='lat' dir='ltr'><strong>Divae</strong></span> 
     </span>
     <span class='ocr_line' id='line_1_32' title="bbox 155 2380 858 2453; baseline 0.007 -22"><span class='ocrx_word' id='word_1_189' title='bbox 155 2380 290 2431; x_wconf 83' lang='lat' dir='ltr'><strong>Abscessu</strong></span> <span class='ocrx_word' id='word_1_190' title='bbox 301 2385 414 2430; x_wconf 88' lang='lat' dir='ltr'><strong>revocat</strong></span> <span class='ocrx_word' id='word_1_191' title='bbox 423 2388 539 2443; x_wconf 89' lang='lat' dir='ltr'><strong>mentes,</strong></span> <span class='ocrx_word' id='word_1_192' title='bbox 551 2382 681 2449; x_wconf 82' lang='lat' dir='ltr'><strong>fusosque</strong></span> <span class='ocrx_word' id='word_1_193' title='bbox 692 2398 744 2449; x_wconf 92' lang='lat' dir='ltr'><strong>per</strong></span> <span class='ocrx_word' id='word_1_194' title='bbox 755 2398 858 2453; x_wconf 84' lang='lat' dir='ltr'><strong>aequor</strong></span> 
     </span>
     <span class='ocr_line' id='line_1_33' title="bbox 153 2449 842 2517; baseline 0.009 -17"><span class='ocrx_word' id='word_1_195' title='bbox 153 2450 216 2515; x_wconf 89' lang='lat' dir='ltr'><strong>lpse</strong></span> <span class='ocrx_word' id='word_1_196' title='bbox 226 2465 308 2500; x_wconf 85' lang='lat' dir='ltr'><strong>manu</strong></span> <span class='ocrx_word' id='word_1_197' title='bbox 319 2464 426 2517; x_wconf 83' lang='lat' dir='ltr'><strong>magna,</strong></span> <span class='ocrx_word' id='word_1_198' title='bbox 438 2449 562 2501; x_wconf 86' lang='lat' dir='ltr'><strong>nebulam</strong></span> <span class='ocrx_word' id='word_1_199' title='bbox 574 2452 775 2517; x_wconf 84' lang='lat' dir='ltr'><strong>circumdatus,</strong></span> <span class='ocrx_word' id='word_1_200' title='bbox 786 2454 842 2505; x_wconf 87' lang='lat' dir='ltr'><strong>acri</strong></span> 
     </span>
     <span class='ocr_line' id='line_1_34' title="bbox 152 2518 872 2591; baseline 0.008 -21"><span class='ocrx_word' id='word_1_201' title='bbox 152 2518 283 2570; x_wconf 85' lang='lat' dir='ltr'><strong>Restituit</strong></span> <span class='ocrx_word' id='word_1_202' title='bbox 292 2534 408 2588; x_wconf 85' lang='lat' dir='ltr'><strong>pugnae.</strong></span> <span class='ocrx_word' id='word_1_203' title='bbox 446 2521 614 2572; x_wconf 78' lang='lat' dir='ltr'><strong>convertunt</strong></span> <span class='ocrx_word' id='word_1_204' title='bbox 624 2522 711 2589; x_wconf 84' lang='lat' dir='ltr'><strong>signa,</strong></span> <span class='ocrx_word' id='word_1_205' title='bbox 723 2530 872 2591; x_wconf 71' lang='lat' dir='ltr'><strong>noramqw</strong></span> 
     </span>
    </p>

    <p class='ocr_par' dir='ltr' id='par_1_13' title="bbox 80 2586 852 2734">
     <span class='ocr_line' id='line_1_35' title="bbox 80 2586 780 2655; baseline 0 -13"><span class='ocrx_word' id='word_1_206' title='bbox 80 2586 138 2642; x_wconf 76' lang='grc'><strong>490</strong></span> <span class='ocrx_word' id='word_1_207' title='bbox 146 2590 312 2642; x_wconf 81' lang='lat' dir='ltr'><strong>Instaurant</strong></span> <span class='ocrx_word' id='word_1_208' title='bbox 322 2590 396 2655; x_wconf 87' lang='lat' dir='ltr'><strong>itali,</strong></span> <span class='ocrx_word' id='word_1_209' title='bbox 404 2589 651 2649; x_wconf 59' lang='lat' dir='ltr'><strong>versaiorrdidina</strong></span> <span class='ocrx_word' id='word_1_210' title='bbox 659 2592 780 2642; x_wconf 80' lang='lat' dir='ltr'><strong>caedem.</strong></span> 
     </span>
     <span class='ocr_line' id='line_1_36' title="bbox 139 2654 852 2734; baseline -0.017 -17"><span class='ocrx_word' id='word_1_211' title='bbox 139 2664 211 2717; x_wconf 79' lang='lat' dir='ltr'><strong>Cum</strong></span> <span class='ocrx_word' id='word_1_212' title='bbox 226 2665 321 2719; x_wconf 79' lang='lat' dir='ltr'><strong>ventis</strong></span> <span class='ocrx_word' id='word_1_213' title='bbox 332 2664 449 2734; x_wconf 87' lang='lat' dir='ltr'><strong>positus</strong></span> <span class='ocrx_word' id='word_1_214' title='bbox 461 2666 569 2717; x_wconf 66' lang='lat' dir='ltr'><strong>custos,</strong></span> <span class='ocrx_word' id='word_1_215' title='bbox 580 2659 629 2708; x_wconf 80' lang='lat' dir='ltr'><strong>cui</strong></span> <span class='ocrx_word' id='word_1_216' title='bbox 635 2654 751 2704; x_wconf 75' lang='lat' dir='ltr'><strong>bandua</strong></span> <span class='ocrx_word' id='word_1_217' title='bbox 757 2670 852 2705; x_wconf 73' lang='lat' dir='ltr'><strong>carcar</strong></span> 
     </span>
    </p>
   </div>
   <div class='ocr_carea' id='block_1_3' title="bbox 126 2723 871 2813">
    <p class='ocr_par' dir='ltr' id='par_1_14' title="bbox 126 2723 871 2813">
     <span class='ocr_line' id='line_1_37' title="bbox 126 2723 871 2813; baseline -0.063 -12"><span class='ocrx_word' id='word_1_218' title='bbox 126 2738 263 2813; x_wconf 73' lang='lat' dir='ltr'><strong>Imperio</strong></span> <span class='ocrx_word' id='word_1_219' title='bbox 279 2750 464 2809; x_wconf 84' lang='lat' dir='ltr'><strong>compressa</strong></span> <span class='ocrx_word' id='word_1_220' title='bbox 471 2733 568 2787; x_wconf 80' lang='lat' dir='ltr'><strong>tenet,</strong></span> <span class='ocrx_word' id='word_1_221' title='bbox 577 2723 871 2784; x_wconf 50' lang='lat' dir='ltr'><strong>unamquamqu</strong></span> 
     </span>
    </p>
   </div>
   <div class='ocr_carea' id='block_1_4' title="bbox 0 0 967 2962">
    <p class='ocr_par' dir='ltr' id='par_1_15' title="bbox 0 0 967 2962">
     <span class='ocr_line' id='line_1_38' title="bbox 0 0 967 2962; baseline 0 0"><span class='ocrx_word' id='word_1_222' title='bbox 0 0 967 2962; x_wconf 95' lang='lat' dir='ltr'><strong> </strong></span> 
     </span>
    </p>
   </div>
  </div>
 </body>
</html>
