1920 2962
142 178 193 231 288
335 175 364 225 C.
393 171 499 225 SlLll
526 169 691 223 lusi-‚101

142 299 178 349 Et
187 298 260 347 lecet
270 297 299 346 in
311 294 414 359 campis
425 291 545 342 Lutlum.
576 289 726 357 Depouere
738 306 818 343 curas

82 369 132 418 510
144 365 268 416 Tandem
282 379 358 433 ergo,
369 363 450 424 boae,
463 360 511 422 da,
522 359 627 422 victor,
637 359 776 430 liceatque
787 361 838 414 sed«

142 437 172 487 in
182 436 286 503 patria3
296 434 380 484 licem
390 445 444 482 non
454 426 599 480 exhaurire
610 430 722 496 rapacis

143 505 275 571 impensis
288 502 351 553 belli
360 504 493 551 vacuatos
504 511 586 564 saepe
597 503 724 564 penates.

144 571 221 624 Nunc
233 589 275 635 en,
286 587 367 634 nunc,
377 571 498 637 inquam,
505 565 587 630 (faba
596 573 628 618 ut
638 568 838 636 proesegianos

144 641 212 704 Sint,
225 656 284 704 oro,
295 654 426 708 mensque
438 637 553 706 ouguuiio
564 635 677 687 ludatur
685 639 777 702 inani)

82 712 132 762 515
144 711 226 762 Haud
237 711 334 778 procul
344 716 386 762 est
395 707 505 759 funesto
515 706 581 758 dies.
609 706 724 758 Atrociu
734 707 799 757 novi

143 781 242 845 Corda,
254 796 286 832 ac
296 779 435 847 prospicio
446 782 526 828 netas
536 791 552 827 e
564 773 688 826 cladibus
697 776 765 826 iras.

143 851 200 902 Vos
212 866 278 919 ogo,
288 866 338 901 vos
347 854 450 910 metuo,
463 849 580 897 Cannae.
609 841 770 896 submittite
781 846 838 914 sign

142 921 229 986 Atque
245 918 314 970 edeo
332 915 451 979 tentate,
473 914 603 984 agedum,
626 930 659 965 55
677 915 838 984 deposcite]

618 998 691 1034 cem:

141 1055 203 1106 Noa
225 1055 341 1106 dubitur.
380 1054 465 1104 Paret
482 1051 528 1103 ille
550 1052 630 1103 dolor
652 1050 736 1114 (mihi
763 1054 838 1105 credi

616 1136 706 1173 matus

81 1194 131 1244 585
143 1195 264 1246 Exitium
276 1198 406 1260 accepto:
422 1193 555 1259 citiusque
566 1189 636 1242 baec
652 1190 772 1244 foedera
787 1195 838 1244 vict

143 1264 231 1324 Quem
247 1264 351 1324 victus,
368 1261 452 1312 dabit.
483 1262 571 1329 Atque
589 1260 673 1323 adeo,
691 1263 739 1330 qui
752 1268 830 1313 tantu

636 1330 704 1382 erbo

141 1400 228 1450 Facta
239 1412 321 1449 sones
332 1413 389 1461 ore,
402 1404 430 1450 et
441 1399 578 1466 spumanti
589 1345 699 1451 tulbioe
710 1398 814 1468 perflas

141 1469 318 1536 Ignorantum
331 1483 419 1531 aures,
432 1468 484 1531 dic,
496 1485 539 1532 cu,
550 1484 697 1537 germanus
707 1471 736 1520 in
749 1472 830 1522 armis

141 1538 190 1589 llle
201 1543 263 1588 tuus
275 1553 325 1604 por
337 1537 466 1599 Gradivo,
478 1554 528 1604 per
538 1538 631 1590 secula
642 1539 725 1591 tellus

83 1605 133 1658 585
145 1607 195 1657 Cui
205 1607 319 1658 similem
331 1623 467 1675 nunquam
479 1608 622 1659 ductorem
638 1609 664 1658 in
679 1608 756 1660 belia
772 1624 838 1662 crea*

141 1677 253 1729 Moenia
264 1677 411 1729 Romuleae
422 1694 471 1728 cur
480 1678 599 1727 nondum
609 1677 710 1728 viderit
721 1679 814 1730 urbisi

143 1746 254 1800 Scilicet
265 1763 280 1799 c
291 1748 395 1816 gremio
407 1753 526 1798 matium
534 1748 671 1813 rapiamus
683 1749 711 1797 in
724 1747 831 1800 hostem

141 1817 268 1869 Nondum
280 1818 420 1884 portandis
432 1814 536 1867 habiles
546 1817 718 1884 gravionibus
730 1815 829 1872 armis?

142 1890 256 1938 [donatas
267 1889 334 1937 iussi
344 1893 469 1938 texemus
479 1885 551 1936 millo
564 1887 681 1948 carinas,

83 1953 132 2004 590
143 1957 229 2022 Atque
242 1956 328 2005 omnis
338 1954 446 2021 Libyae
458 1961 605 2023 quaeratur
614 1955 698 2006 55155
708 1956 810 2009 ten-isi

144 2025 180 2074 Ut
190 2023 273 2090 longa
282 2025 413 2090 imperia,
427 2031 508 2092 utque
519 2030 639 2075 arcuatos
650 2033 788 2096 proroget
799 2040 838 2077 am

145 2092 295 2155 Hannibal,
317 2098 344 2144 ct
364 2109 475 2162 regnum
495 2092 589 2145 trahat
610 2110 697 2198 usqupe
712 2097 740 2147 in
759 2104 838 2163 temp(

616 2163 680 2214 fati.

143 2230 200 2282 Vos
221 2245 287 2280 vero
299 2266 307 2292 ‚
329 2233 434 2297 (neque
456 2233 526 2282 enim
547 2233 656 2285 occulto
680 2234 838 2285 circumdau

617 2306 691 2366 estu)

142 2368 183 2420 Ne
196 2369 288 2420 dulces
300 2368 415 2436 spoliate
427 2368 538 2435 domos;
549 2373 703 2439 castrisque
714 2378 838 2439 potentm

81 2436 131 2487 595
142 2440 229 2506 Atque
245 2439 341 2507 opibus
358 2441 461 2491 sancite
479 2441 598 2492 modum.
636 2441 696 2492 Pax
718 2445 838 2509 optimo]

614 2526 684 2571 rum,
697 2539 710 2555 ι

136 2576 214 2640 Quas
225 2574 333 2635 bomini
344 2582 455 2636 nouisse
465 2579 563 2632 dutum
578 2586 634 2630 est·¹
644 2594 707 2695 {px
716 2596 775 2631 555
786 2579 838 2631 tliu

629 2662 651 2712 p
679 2662 696 2694 s

114 2725 290 2784 Innumcm‘s
300 2728 421 2801 potior:
434 2740 506 2796 pux,
518 2715 665 2774 custodite
674 2710 797 2762 emmens
