1920 2962
216 186 467 240 Punicorum
497 188 578 241 [ΑΒ.
596 189 662 242 XV.
759 190 810 256 ,³31

73 309 241 375 Circumagit
252 308 342 374 spatio
352 322 462 373 suaper
472 309 587 376 vestigia
599 309 705 360 ductos.

73 378 154 440 Nam,
166 393 220 444 qua
231 382 357 428 curvatas
369 378 486 428 sinuosis
495 375 610 428 flexibus
622 380 708 429 amnis

73 448 205 514 Obliquat
214 447 297 512 ripas,
309 444 448 513 refluoque
459 460 509 512 per
519 461 617 512 aspera
626 446 704 512 lapsu
819 447 869 498 tat

74 518 106 568 ln
116 530 176 568 sese
187 515 267 577 redit,
277 512 339 577 hac,
349 528 428 565 casso
439 515 555 566 ducente
567 515 671 577 labore,

74 586 202 653 Exigium
212 584 353 635 involvunt
362 583 500 636 frustratis
510 583 651 652 gressibus
661 583 765 645 orbem,

74 657 160 722 Inque
172 668 265 704 errore
275 653 335 703 viae
346 653 520 705 tenebrarum
530 658 628 704 munus
637 653 784 704 ademtam.

74 724 138 774 Lux
149 728 238 790 urget,
249 721 397 790 panditque
409 722 510 790 iugum.
538 723 603 774 Ruit
614 737 679 773 acer
690 725 792 789 apertis

75 792 170 843 'l'urbo
183 792 304 858 equitum
315 792 410 857 portis,
421 798 501 860 atque
513 793 600 843 omnis
610 791 702 843 ferrea
711 793 766 843 late
821 791 871 842 63⁰

75 863 240 928 Tempestas
252 862 341 927 operit
353 875 472 928 campos.
483 860 610 913 Nondum
623 876 811 912 armeniacus·

567 945 602 982 ne

74 1001 243 1061 Permixtae‚
252 999 307 1049 iarn
319 998 375 1049 tela
384 998 481 1050 bibunt
492 946 643 1067 praglnissa
655 1015 789 1052 cruorem.

74 1070 156 1130 Hinc,
168 1070 259 1120 iussae
269 1066 395 1118 Poenum
403 1067 552 1134 fugientem
564 1070 669 1132 sistere,
681 1084 787 1136 pennae

74 1139 210 1190 Dictaeae
221 1135 350 1199 volitant3
364 1133 428 1186 binc
438 1136 536 1188 iancea
546 1137 654 1188 turbine
664 1140 742 1206 nigro

74 1209 144 1259 Fert
153 1207 239 1257 letum
251 1205 401 1271 cuicunque
412 1204 480 1266 viro,
491 1219 572 1272 quem
581 1206 722 1270 prenderit
730 1208 812 1259 ictus.
822 1206 873 1258 635

75 1276 227 1342 Deponunt
237 1273 326 1324 abitus
338 1287 440 1336 curam,
450 1273 604 1341 trepidique
615 1282 733 1328 coactas

77 1345 253 1396 Constituunt
264 1343 346 1406 acies,
357 1348 386 1394 et
396 1357 458 1410 spes
470 1343 504 1394 ad
515 1343 620 1411 proelia
629 1351 748 1397 vertunt.

75 1417 139 1482 lpse
150 1416 221 1465 inter
231 1413 336 1465 medios
347 1415 421 1477 (nam
432 1427 524 1465 rerum
535 1413 604 1465 dura
614 1414 736 1480 ridebat)

77 1483 204 1535 Sidonius
216 1484 323 1546 ductor,
333 1488 413 1550 tergo
424 1483 546 1535 sublimis
558 1484 591 1535 ab
604 1484 661 1535 alto

79 1554 317 1618 Quadrupcdantis
328 1555 404 1619 equi,
420 1552 535 1604 tendens
545 1567 694 1621 vocemque
706 1568 812 1606 manus·

570 1637 612 1684 ue,
822 1621 872 1672 640
906 1663 907 1666 ,

75 1692 132 1744 Per
143 1689 254 1750 decora,
266 1693 390 1740 extremo
402 1688 480 1739 vobis
492 1638 617 1755 quagsita
627 1690 676 1741 sub
688 1704 748 1751 aaa,
765 1705 768 1713 ’

75 1761 132 1813 Per
144 1758 238 1809 fratris
247 1756 343 1807 laudes
356 1771 415 1818 oro,
425 1757 532 1807 venisse
541 1756 688 1822 probemus

78 1829 246 1881 Germanum
258 1825 432 1877 Hannibalis:
443 1825 526 1876 Latio
537 1825 661 1877 Fortuna
670 1824 778 1876 laborat

77 1898 205 1950 Adversis
217 1896 383 1946 documenta
394 1895 469 1958 dare,
480 1893 722 1962 atquecatendere,
734 1909 815 1961 quan·

553 1968 598 2014 tus

77 2036 203 2089 Verterit
211 2037 238 2086 in
251 2032 366 2086 Rutulos
378 2032 498 2084 domitor
510 2033 615 2084 telluris
625 2033 755 2095 Hiberae,
826 2032 877 2084 645

80 2104 180 2157 Suetus
192 2105 226 2157 ad
237 2102 390 2156 Herculeas
401 2102 478 2153 miles
489 2103 592 2155 bellare
605 2102 751 2154 columnas.

77 2176 206 2228 Forsitan
217 2180 245 2226 et
255 2187 361 2241 pugnas
372 2173 464 2223 veniet
472 2187 618 2240 germanus
627 2172 655 2222 iu
665 2173 747 2239 ipsas.

78 2245 171 2313 Digna
180 2246 249 2307 viro,
260 2244 352 2310 digna,
363 2240 497 2304 obtestor,
509 2241 669 2309 spectacula
680 2242 761 2309 pleno

81 2314 248 2383 Corporibus
259 2316 408 2380 properate
418 2312 485 2364 solo.
517 2313 678 2379 Quicunque
689 2312 779 2362 timeri

80 2385 144 2436 Dux
154 2384 225 2435 bello
237 2386 356 2450 poterat,
369 2381 449 2433 fratri
457 2383 544 2434 iacet:
555 2384 637 2432 unica
648 2394 719 2430 nunc
728 2394 799 2445 spes,
829 2379 878 2429 65⁰

79 2456 117 2506 Et
128 2469 218 2521 poena
229 2459 257 2503 et
266 2450 378 2503 latebris
388 2450 507 2502 infracto
518 2450 615 2500 Livius
627 2463 694 2499 aevo

79 2525 247 2574 Damnatum
258 2520 373 2572 offertur
383 2520 461 2572 vobis
475 2525 566 2586 caput.
594 2519 645 2581 lte,
658 2519 739 2586 agite,
753 2533 811 2581 oro,

80 2592 200 2644 sternite
211 2592 364 2655 ductorem,
376 2605 438 2643 cum
449 2604 503 2660 quo
514 2587 782 2640 concurrereiram'x

74 2661 227 2727 Sitpudor,
240 2669 270 2715 et
280 2664 359 2734 turpi
368 2663 457 2718 finem
469 2660 580 2715 donate
588 2662 741 2712 senecaae,
886 2695 930 2741 ᾖ,

65 2731 104 2780 At
113 2736 213 2785 contra
223 2732 322 2789 Nero:
338 2737 421 2804 Quid
432 2751 534 2792 cessas
547 2721 811 2786 causassaxecms
