1920 2962
148 160 197 209 2¹12
348 157 377 207 G.
405 152 507 205 SlLll
533 152 700 205 lTALlGl

146 277 225 327 llaec
238 276 331 341 potior
341 275 440 341 regnis.
469 271 559 323 Dubio
572 273 619 339 qui
629 271 761 339 frangere
772 288 859 325 rerum

148 344 284 395 Gaudebit
295 349 390 411 pacta,
403 358 436 393 ac
446 348 543 393 tenues
553 356 617 407 spes
628 342 735 409 linquet
746 344 837 405 antici,

147 413 208 464 Non
217 413 255 463 illi
268 413 373 475 domus,
384 418 432 463 aut
443 412 551 473 coniux,
564 417 612 462 aut
622 412 681 461 rita
691 412 816 463 manebit

147 484 269 550 Unquam
286 497 383 549 expers
404 482 493 533 luctus
512 480 707 547 lacrimaeque.
739 482 824 549 Aget,
842 496 879 533 ae·

625 564 832 619 quoresemper

86 621 136 671 290
147 623 185 672 Ac
196 621 292 671 tellure
303 634 438 686 premens,
451 634 516 686 ager
527 633 640 686 aegrum
650 625 735 671 nocte
746 620 843 688 dieque

146 691 286 755 Despecta
297 704 328 741 ao
338 690 441 740 violata
450 689 541 739 Fides.
571 688 633 739 adit
645 690 738 740 omnia
747 690 853 757 iamque

147 760 276 821 Concilia,
291 775 323 809 ac
334 773 442 809 mennas
455 758 597 824 contingit,
609 763 647 819 et,
658 757 758 808 abdita
768 758 846 821 nubo,

146 828 340 895 accumbitque
351 830 430 889 toris,
440 827 619 893 epulaturque
624 827 756 892 improba
762 828 878 893 Erinnys„

148 899 211 963 lpsa
222 899 304 947 etiam
316 896 415 964 Stygio
427 897 582 962 spumantia
592 896 695 961 por-ula
707 897 775 947 tabo

86 967 136 1016 295
150 967 278 1032 Pori-igit,
290 972 317 1015 et
327 966 403 1032 largo
415 981 517 1031 poenas
528 965 667 1032 letumque
680 967 826 1017 ministrat.

147 1035 253 1087 Virrius
263 1036 377 1095 interea,
391 1035 455 1084 dum
467 1035 515 1084 dat
526 1040 671 1101 penetrare
684 1036 819 1087 medullas

147 1104 258 1166 Exitio,
281 1104 458 1171 ascenditque
478 1119 590 1170 pyram,
612 1110 696 1222 alpque
719 1105 878 1172 amplexibus

643 1180 722 1225 aeret

146 1244 307 1309 iungentum
320 1241 387 1304 iata,
397 1248 426 1291 et
436 1242 521 1292 subici
531 1241 609 1294 iubet
619 1244 698 1295 ocius
708 1245 797 1312 ignes.

147 1309 323 1376 Stringebant
335 1310 465 1361 tenebrae
477 1317 574 1373 metas,
586 1313 732 1380 victorque
741 1315 845 1365 ruebat.

85 1379 136 1428 300
148 1380 258 1444 lamque
268 1383 470 1443 superstantem
482 1395 569 1443 muro,
582 1388 730 1449 sociosque
740 1384 864 1436 Milonem

146 1447 223 1499 Voce
235 1446 404 1497 attollentem
417 1449 502 1512 pubes
516 1452 655 1517 Campana
663 1451 787 1504 ridebat.

146 1516 272 1567 Pandunt
285 1518 395 1567 attoniti
407 1525 510 1584 portas,
523 1521 686 1588 trepidoque
699 1528 846 1590 capessunt

147 1587 243 1636 Castra
253 1588 363 1637 inimica
374 1588 469 1654 gradu÷
483 1594 543 1655 quis
554 1589 610 1640 leto
623 1597 750 1643 arertere
764 1607 859 1661 poenas

148 1656 299 1707 Defuerant
310 1658 400 1707 animi.
429 1658 511 1708 Patet
521 1659 595 1720 urbs,
607 1659 737 1712 confessa
747 1662 867 1719 furorem,

85 1727 136 1776 305
150 1728 186 1778 Et
198 1733 303 1778 reserat
315 1728 403 1793 Tyrio
414 1728 564 1778 maculatas
575 1726 683 1795 hospite
697 1731 787 1783 sedes.

146 1798 291 1849 Matronae
302 1799 433 1865 puerique
446 1804 536 1859 ruunt,
549 1804 740 1866 maestumque
752 1799 861 1853 Senatus

146 1868 311 1929 Concilium,
323 1867 441 1934 nullique
454 1865 591 1917 hominum
601 1867 773 1921 lacrimabile
783 1870 873 1938 vulgus.

145 1934 262 1985 Stabant
272 1937 357 1985 innixi
370 1938 429 2001 pilis
442 1938 578 1987 exercitus
589 1939 686 2000 omnis,

145 2002 366 2069 spectabantque
378 2007 460 2063 viros.
473 2013 502 2057 et
511 2007 585 2058 laeta
595 2012 624 2056 et
634 2009 728 2059 tristia
737 2008 812 2060 ferre

83 2069 133 2121 310
145 2072 288 2134 indociles,
301 2090 371 2123 nunc
382 2078 511 2141 propexis
522 2078 549 2126 in
562 2081 676 2142 pectora
686 2077 783 2130 barbis

143 2141 262 2192 Verrere
274 2140 397 2206 humum,
415 2161 486 2195 nunc
502 2145 646 2196 foedantes
663 2149 691 2196 in
707 2149 819 2214 pulvere
833 2146 873 2197 cri·

622 2231 683 2266 nem

145 2281 301 2341 Canentem,
313 2288 340 2330 et
352 2285 424 2349 turpi
434 2284 548 2334 lacrima
560 2286 741 2352 precibusque
753 2283 874 2354 pudendis

144 2351 300 2401 Femineum
311 2356 407 2401 tenues
418 2352 548 2403 ululatum
560 2355 674 2405 fundere
685 2356 712 2405 in
725 2373 815 2407 auras.

142 2422 229 2487 Atque
241 2436 274 2471 ca
285 2420 348 2470 dum
360 2422 436 2472 miles
448 2423 563 2474 miratur
575 2425 674 2475 inertia
684 2423 770 2488 faeta,

80 2487 130 2536 315
143 2490 346 2558 Exspectatque
358 2492 437 2543 ferox
452 2494 590 2544 sternendi
602 2495 712 2544 maenia
722 2496 837 2563 signum,

139 2558 213 2609 Ecce
225 2574 324 2627 repens
336 2564 422 2615 tacito
433 2565 570 2631 percurrit
579 2569 695 2628 pectora
705 2579 790 2617 sensu

130 2629 252 2701 Religio,
268 2639 299 2685 et
309 2650 410 2688 sacras
422 2633 819 2702 componitnum'mementesx

122 2701 167 2758 Ne
180 2702 333 2759 flammam
345 2707 511 2773 taedasque
521 2701 622 2760 velint,
629 2712 667 2745 Μ
675 2696 900 2755 Ἢψδὺω
