1920 2962
199 114 249 167 300
383 111 412 161 C.
444 108 550 162 SlLll
580 109 744 161 lTALlCl
775 189 777 191 ι

199 232 347 285 Certabant
357 245 441 281 rauco
453 233 612 281 resonantia
621 237 754 296 tympana
764 229 854 296 pulsu;

155 306 188 352 20
202 301 378 366 Semivirique
390 298 476 359 chori,
486 301 594 368 gemino
607 301 652 367 qui
664 298 805 364 Dindyma
815 304 894 349 mont(

199 373 282 420 Casta
292 369 398 432 colunt;
410 370 454 434 qui
467 368 584 418 Dictaeo
595 365 767 419 bacchantur
776 369 804 417 in
815 374 889 419 antro

201 440 306 506 Quique
316 438 400 488 Idaea
411 438 475 506 iuga
487 443 515 487 et
524 437 602 488 lucos
612 451 714 488 novere
724 437 844 488 silentes.

200 509 259 559 llos
270 509 341 558 inter
352 505 476 556 fremitus
487 522 519 557 ac
530 504 604 556 laeto
615 511 680 555 vota
688 505 817 568 tumultu,

200 577 326 628 Substitit
336 575 462 625 adductis
473 590 589 626 renuens
601 575 752 641 procedere
763 575 856 641 sinclis

158 647 188 696 25
201 646 286 697 Sacra
295 645 372 706 ratis,
384 643 534 712 subitisque
544 643 873 696 vadisimmobilishaesit.

200 718 271 766 'lum
283 728 372 781 puppe
383 728 399 763 e
411 713 501 764 media
510 721 609 780 magno
621 713 741 765 clamore
752 714 891 775 sacerdos,

200 784 309 836 Parcite
322 783 430 848 pollutis
441 785 600 850 contingere
610 783 720 833 vincula
729 784 838 849 palmis,

200 855 237 905 Et
247 851 342 920 procul
353 850 415 901 hinc
422 889 430 914 ,
440 867 553 915 moneo,
565 852 660 919 procul
670 850 748 914 hinc,
761 867 894 921 quaecuaq

673 920 817 987 profanae,

199 994 281 1045 Ferte
296 991 406 1059 gradus,
419 1005 470 1040 nec
482 1007 531 1041 ros
542 997 619 1042 casto
631 992 744 1044 misceto
757 993 859 1058 labori;

157 1063 189 1112 30
201 1063 273 1113 Dum
285 1062 351 1111 satis
364 1067 406 1111 est
415 1061 643 1112 monuisselleac.
657 1062 737 1122 Quod
749 1065 773 1112 si
781 1079 836 1130 qua
843 1061 892 1129 pud

200 1133 293 1182 Mente
304 1129 386 1192 valet,
398 1131 419 1180 si
433 1146 486 1197 qua
495 1130 582 1182 illaesi
593 1131 644 1181 sibi
657 1134 784 1197 corporis
796 1133 886 1183 adstat

201 1201 325 1262 Conscia,
336 1200 380 1250 vel
391 1198 450 1250 sola
460 1200 557 1251 subeat
567 1202 612 1268 pia
623 1216 736 1252 munera
749 1202 856 1252 dextra.

201 1272 268 1332 llic,
280 1269 371 1335 prisca
382 1269 484 1320 ducens
495 1269 655 1322 Clausorum
667 1271 700 1321 ab
713 1273 821 1339 origine
832 1285 894 1321 nom

200 1337 321 1399 Claudia,
332 1353 387 1387 non
397 1352 485 1404 aequa
497 1339 590 1404 populi
600 1339 673 1390 mala
686 1340 794 1391 credita
805 1341 885 1401 fania,

157 1409 189 1461 35
201 1409 230 1458 ln
243 1407 354 1472 puppim
364 1407 450 1458 versis
461 1407 611 1476 palmisque
623 1409 763 1476 oculisque
777 1409 894 1476 profatur

201 1474 366 1527 Coelicolum
378 1477 517 1543 genetrix,
529 1493 642 1541 numen,
654 1479 726 1546 quod
737 1481 852 1530 numina
862 1492 893 1527 no

199 1547 397 1607 Cunctacreas,
410 1546 487 1597 cuius
493 1546 592 1612 proles,
600 1554 766 1615 terramque,
773 1547 894 1613 fretumq

200 1614 359 1681 Sideraque,
371 1621 398 1666 et
409 1629 503 1666 manos
513 1631 660 1684 regnorum
670 1624 746 1669 sorte
757 1618 894 1685 gubernas

199 1683 227 1736 Si
239 1689 362 1735 nostrum
373 1684 446 1735 nullo
458 1685 589 1736 violatum
601 1691 643 1737 est
653 1688 766 1738 crimine
779 1703 886 1754 corpus,

156 1757 189 1804 40
200 1755 300 1816 Testis,
312 1754 392 1817 Diva,
403 1756 473 1817 veni,
486 1761 514 1806 et
525 1754 597 1806 facili
610 1771 653 1806 rna
664 1757 776 1808 absolve
788 1759 888 1807 carina.

199 1827 271 1875 Tum
281 1839 380 1875 secura
390 1825 465 1890 capit
473 1823 578 1875 funem:
590 1824 769 1892 fremitusque
780 1826 889 1877 leonum

198 1894 291 1944 Audin*
301 1896 374 1944 visus
386 1894 486 1957 subito,
498 1899 526 1944 et
537 1897 665 1961 gratiora
675 1909 724 1960 per
736 1911 819 1946 auras

199 1962 280 2013 Nulla
291 1963 368 2028 pulsa
379 1977 459 2013 nranu
470 1970 620 2015 sonuerunt
630 1969 764 2031 tympana
775 1966 872 2016 Divae.

199 2033 298 2083 Fertur
309 2046 396 2097 prona
406 2034 481 2094 ratis,
493 2035 600 2093 (ventos
610 2033 749 2099 impellere
762 2035 871 2098 credas)

157 2101 190 2150 45
204 2102 359 2167 Contraque
371 2101 498 2152 adversas
511 2103 655 2153 ducentem
667 2107 810 2169 praevenit
820 2103 894 2155 unda

198 2170 343 2235 Extemplo
355 2172 443 2221 maior
454 2175 559 2222 cunctis
569 2188 631 2238 spes
642 2179 759 2240 pectora
768 2174 880 2234 mulcet,

198 2241 291 2291 Finem
304 2241 386 2289 armis
397 2240 517 2303 tandem,
528 2242 662 2310 finemque
673 2245 767 2294 venire
779 2244 894 2311 periclis.

197 2310 259 2375 lpse
271 2308 361 2358 alacer
374 2306 465 2358 Sicula
475 2310 618 2362 discedens
631 2311 723 2378 Scipio
734 2317 812 2364 terra

197 2379 346 2429 Abscondit
355 2376 410 2428 late
421 2379 555 2444 propulsis
567 2382 700 2447 puppibus
713 2397 829 2448 aequor,

157 2447 189 2495 50
202 2449 250 2497 Cui
261 2462 358 2497 numen
370 2448 460 2514 pelagi
471 2449 629 2516 placaverat
641 2448 732 2500 hostia
744 2458 851 2513 taurus,

190 2519 326 2589 laetaque
339 2517 474 2572 caeruleis
482 2519 616 2570 innabant
623 2517 749 2569 ductibus
761 2526 837 2571 exta.

188 2590 272 2643 Tunc
285 2591 384 2644 asede
393 2592 491 2645 Deum
500 2602 657 2658 purumque
664 2601 714 2652 qen
725 2585 894 2648 nebienalnp

175 2663 357 2735 Armigerae
371 2664 453 2717 lovis
466 2669 534 2714 ante
548 2657 648 2711 oeulos
657 2650 894 2715 cooperandum
