1920 2962
208 181 457 236 Punicorum
484 184 566 237 LlB.
594 185 628 238 V.
742 187 792 238 111

48 304 142 371 Atque
153 317 188 353 ea
198 301 262 353 dum
272 303 355 353 variis
366 305 517 369 permixtus
527 305 618 356 tristia
627 304 739 356 Mavors
801 304 853 357 530

50 372 169 426 Casibus
180 371 310 433 alternat,
320 372 375 422 iam
387 375 484 423 castris
495 373 579 441 Mago
590 373 702 436 relictis,

46 444 110 494 lam
121 441 230 506 Libyae
241 440 340 491 ductor
349 443 527 508 properantia
539 443 617 509 signa
627 444 713 493 citato

46 510 210 578 Raptabant
222 525 317 572 cursu,
329 516 358 562 et
368 515 477 562 cessata
487 525 621 577 reponere
633 511 750 562 avebant

48 582 194 647 Tempora
205 579 289 630 caede
300 580 402 642 rirdm,
416 595 449 631 ac
459 579 544 631 multo
557 594 672 646 pensare
685 594 790 631 cruore.

47 651 76 770 qq
74 649 184 768 ί510111
194 649 355 714 intorquens
366 649 485 715 nigranti
494 649 603 699 turbine
614 649 713 699 nubem
802 649 852 700 535

104 719 190 779 veris,
201 722 229 767 et
239 719 326 785 surgit
336 716 450 768 sublatis
461 733 573 784 campus
583 720 686 770 arenisr

50 788 168 854 Quaque
180 784 271 837 ferens
281 800 404 853 gressum
416 785 502 837 flectit
513 788 629 853 vestigia
640 787 748 848 ductor,

48 856 172 908 Undanti
184 857 286 906 circum
297 860 448 921 tempestas
459 861 522 905 acta
534 855 655 922 procella

48 924 193 986 Volvitur,
205 930 286 991 atque
299 923 369 974 altos
381 925 471 990 operit
481 924 596 992 caligine
609 930 723 975 montes.

50 992 214 1046 occubuere
226 991 315 1044 lemur
325 994 480 1055 Fontanus,
492 993 565 1044 Buta
577 1009 707 1044 canorum
800 994 852 1044 540

50 1063 192 1114 Transiixi
201 1067 309 1130 guttur,
320 1078 470 1130 pressoque
481 1078 496 1113 a
507 1063 618 1114 vulnere
630 1064 720 1129 cuspis

47 1132 198 1197 Prospexit
210 1137 297 1199 terga.
316 1131 398 1182 Hunc
408 1133 501 1182 tristes
511 1132 606 1182 luxere
617 1131 759 1198 Fregellae

46 1199 231 1267 Multiplicem
241 1201 365 1267 proavis,
376 1198 448 1251 hunc
457 1206 547 1251 mater
556 1202 679 1268 Anagnia
688 1200 771 1252 flevit.

47 1269 134 1321 Haud
145 1269 238 1336 dispar
248 1268 360 1320 fortuna
371 1270 434 1331 tibi,
444 1269 580 1334 Laeviae3
591 1270 640 1321 sed
651 1284 718 1321 auso

47 1338 110 1391 Non
124 1338 234 1389 eadem:
244 1353 332 1406 neque
343 1340 414 1389 enim
426 1340 513 1405 Tyrio
525 1354 689 1391 concurrere
700 1341 759 1408 regi
801 1339 850 1389 545

47 1410 169 1468 Teutas,
181 1407 230 1459 sed
240 1408 327 1458 lectus
340 1423 389 1473 par
400 1408 435 1458 ad
446 1416 586 1461 certamen
595 1407 719 1460 Ithemon
729 1428 736 1473 ;

50 1476 218 1528 ‘Autololum
229 1477 388 1528 moderator
398 1481 469 1541 erat)
480 1494 559 1545 quem
571 1479 674 1545 poplite
687 1493 768 1530 caeso

54 1547 124 1598 burn
135 1547 252 1613 spolias,
263 1547 353 1613 gravis
363 1548 459 1598 immiti
470 1563 531 1598 cum
542 1548 649 1598 turbine
662 1554 754 1599 costas

60 1616 185 1667 lraxiuus
194 1616 306 1681 irrupit,
319 1616 493 1684 collapsaque
504 1617 629 1668 membra
641 1617 690 1667 sub
700 1619 758 1667 ictu

65 1686 140 1737 leste
152 1684 630 1751 superfusosubitacecidereruina.
798 1685 849 1735 55⁰

70 1753 108 1807 ¹ee
118 1751 240 1805 Sidicina
250 1751 350 1804 cohors
361 1754 435 1804 defit.
453 1754 606 1805 Viridasius
618 1760 708 1804 anaat

76 1823 124 1874 'illc
134 1824 224 1884 viros,
235 1821 302 1872 nulli
312 1823 400 1872 victus
410 1821 454 1871 rel
464 1836 568 1887 ponere
579 1826 679 1882 castra,

82 1894 101 1943 el
110 1894 231 1944 iunxisse
243 1895 346 1951 ratem,
359 1890 482 1956 duroque
493 1889 630 1940 resolvere
643 1905 735 1941 muros

86 1964 154 2024 lete,
166 1968 195 2013 et
206 1963 232 2011 in
245 1960 340 2010 turrim
353 1960 458 2010 subitos
467 1960 614 2010 immittere
625 1965 730 2025 pontes.

93 2047 137 2083 em
148 2037 294 2098 postquam
305 2029 412 2095 Libyae
424 2029 522 2080 ductor
532 2029 633 2080 virtute
643 2029 729 2081 feroci
799 2030 849 2081 555

98 2100 197 2152 rultare
207 2100 296 2162 ridet,
312 2100 441 2166 (namque
451 2099 489 2150 illi
502 2099 613 2150 vulnere
625 2115 757 2167 praeceps

103 2185 143 2238 'ga
155 2170 240 2220 dabat
249 2168 354 2220 levibus
364 2168 468 2220 diffisus
479 2170 627 2220 Arauricus
639 2172 734 2232 armis)

107 2242 144 2290 'us
154 2237 208 2290 hoc
218 2236 332 2305 pulchro
343 2239 469 2290 Mavorte
481 2254 613 2290 accensus
623 2239 650 2288 in
660 2240 739 2300 iram,

113 2309 206 2376 ignum
217 2322 278 2359 sese
288 2313 364 2359 ratus
375 2309 403 2358 in
418 2310 568 2359 certamina
577 2323 660 2360 suero

119 2379 207 2429 minus
216 2379 257 2428 ire
268 2379 341 2439 viro,
353 2375 483 2428 referenti
495 2392 634 2444 ecorpore
644 2378 728 2428 telum
798 2375 849 2425 noo

125 2447 178 2509 lat,
189 2453 218 2497 et
227 2445 334 2498 fodiens
344 2451 455 2513 pectus,
468 2446 619 2498 Laudande
628 2447 762 2507 laborum,

129 2517 179 2583 quis
191 2532 235 2577 es,
246 2514 318 2566 haud
330 2517 384 2566 aliu
394 2515 486 2566 decuit
495 2522 523 2567 te
535 2516 697 2567 occumbere
709 2515 815 2566 dextra.

134 2601 194 2636 ines
205 2585 252 2635 leti
264 2584 355 2651 perier
366 2585 457 2636 decus.
475 2585 547 2636 Itala
556 2586 648 2654 gentis

144 2653 803 2790 3181111)[ξὲῗῖἱΓνΐὲ1ἓῖἓιῖιιιὶῗεῗὶᾚὲἶὼωῑω
841 2705 907 2759 '³3⁸³
