1920 2962
208 183 461 237 Puulcortulu
494 185 647 237 LlB.Xl.
754 189 805 240 221
914 180 920 188 ’

63 305 181 358 Saevior
193 310 256 356 anta
268 304 337 355 alios
346 306 403 357 iras
411 319 535 356 servasse
546 311 681 371 repostas,

62 377 153 443 Atque
163 375 256 425 ollium
267 388 400 425 renovare
410 373 491 426 ferox
500 376 528 424 in
539 379 664 440 tempore
676 372 792 428 Samnis.

62 445 132 496 Mox
142 444 210 495 levis
222 449 251 493 et
261 457 323 494 sero
335 458 479 510 pressurus
490 442 549 494 lata
558 444 663 511 pudore

64 514 200 576 Bruttius,
212 512 345 594 amhiguis
355 511 440 563 fallax
451 527 516 567 mox
526 512 647 579 Appulus
656 513 747 564 armis.
831 515 864 566 tt)
924 562 927 568 a

64 584 139 634 Tum
149 596 217 649 gens
227 582 337 648 Hrrpini
346 597 417 633 vana
426 581 604 649 indocilisque
615 581 708 649 quieti,

64 652 101 703 ut
110 653 218 718 rupisse
227 650 339 719 indigna
350 652 440 702 tidem.
469 653 525 702 Ceu
535 651 595 701 dira
605 665 655 718 per
664 666 759 704 omnes

63 720 212 772 Manarent
222 720 337 786 populos
347 719 424 771 foedi
434 722 563 788 contagia
571 719 670 771 morbi.

63 789 178 858 lamque
187 788 275 840 Atella
286 804 358 851 suas,
368 791 478 857 iamque
487 795 516 839 et
527 789 633 840 Calatia
642 790 744 856 adegit,

63 859 119 911 Fas
139 864 287 925 superante
307 863 402 920 matu,
423 858 579 977 Poenorqm
597 860 626 908 in
647 865 739 910 castra
760 875 805 911 co·

560 933 642 979 ortes.
831 929 865 981 15

64 997 131 1049 lnde
142 995 295 1049 Phalanteo
307 997 404 1048 levitas
415 998 538 1048 animosa
550 998 681 1059 Tarento,

63 1068 214 1119 Ausonium
224 1066 318 1118 laxare
328 1068 430 1134 iugum.
458 1065 597 1119 Patefecit
607 1068 709 1117 annom

63 1137 126 1188 Alta
137 1137 242 1186 Croton
253 1140 358 1200 portas,
366 1134 493 1202 Afrisque
504 1136 539 1185 ad
549 1135 669 1185 barbara
678 1137 753 1186 iussa

64 1203 255 1270 Thespiadum
265 1204 359 1253 docuit
369 1202 529 1254 submittere
541 1203 612 1253 eolla
622 1209 745 1269 nepotes.

62 1275 140 1326 idem
153 1273 236 1323 etiam
246 1271 354 1323 Locros
365 1269 460 1323 hahuit
470 1271 554 1323 furor.
585 1273 641 1323 Ora
650 1274 745 1325 vadosi
832 1278 865 1328 20

62 1343 178 1404 Litoris,
189 1343 304 1409 Argivos
316 1343 403 1392 maior
415 1357 469 1410 qua
479 1341 597 1393 Graecia
607 1357 700 1395 muros

64 1411 173 1475 Servat,
187 1417 216 1462 et
225 1411 298 1462 lonio
310 1410 393 1462 luitur
403 1416 517 1463 curvata
526 1409 672 1479 profundo,

64 1483 169 1535 Laetus
182 1496 226 1531 res
237 1481 345 1546 Libyae
356 1486 384 1532 et
395 1480 533 1531 fortunam
544 1496 559 1533 e
570 1496 647 1531 more
657 1489 762 1544 secuta,

64 1552 170 1603 iuravit
180 1551 304 1616 pavitans
315 1551 402 1616 Tyrio
415 1565 466 1601 sua
476 1549 582 1617 proelia
593 1550 686 1601 Marti.

64 1622 124 1673 lam
134 1635 211 1682 vero,
221 1619 335 1670 Eridani
346 1620 540 1670 tumidissimus
551 1619 655 1681 accole,
668 1621 761 1672 Celtaw
832 1622 865 1673 25

65 1690 219 1741 lneuhuere
229 1689 307 1740 malie
318 1688 425 1749 Italum,
437 1694 600 1754 veteresque
612 1688 714 1738 doloris

66 1760 144 1810 Tota
153 1774 183 1810 se
194 1760 285 1810 sooios
295 1762 480 1824 properarunt
489 1758 603 1823 iungere
614 1756 695 1806 mole.

67 1826 123 1880 Sed
134 1826 177 1879 ias
186 1827 214 1878 id
224 1827 316 1888 Celtis,
328 1826 370 1877 fas
379 1827 464 1892 impia
474 1824 546 1875 bella
557 1823 660 1874 referre

66 1898 201 1949 Boiorum
210 1894 421 1962 fueritpopulis.
452 1895 596 1961 Capuaene
608 1891 738 1956 furorem,

68 1967 158 2029 Quem
169 1964 308 2018 Senonum
319 1965 409 2033 genti,
425 1961 578 2031 placuisset
594 1968 622 2014 et
632 1963 763 2015 Dardana
773 1964 806 2016 ab

240 2073 244 2082 .
545 2038 607 2084 ortu
834 2035 867 2087 3⁰

68 2104 182 2157 Moenia
190 2103 336 2155 barberino
347 2103 502 2155 Nomadum
513 2104 619 2154 sociata
629 2107 747 2167 tyranno

69 2175 210 2237 (lumnam,
221 2179 328 2225 mutato
339 2178 445 2223 tantum
456 2188 528 2223 nuno
540 2177 673 2237 tempore,
687 2173 798 2225 credatl

67 2242 174 2307 Luxus,
187 2249 216 2294 et
224 2244 327 2294 insanis
338 2243 442 2292 nutrita
450 2242 560 2310 ignavia
568 2240 669 2302 lustris,

69 2314 288 2380 consumtusque
300 2311 390 2378 pudor
399 2311 549 2378 peccando,
561 2313 675 2379 unisque
687 2311 798 2361 relictus

68 2383 180 2435 Divitiis
191 2383 340 2449 probrosus
352 2380 450 2444 honor,
461 2382 602 2432 lacerabat
611 2379 732 2431 hiantem
836 2379 868 2431 ³5

68 2452 184 2505 Desidia
194 2451 333 2519 populum,
345 2466 379 2502 ao
388 2450 537 2502 resolutam
547 2450 653 2518 legibus
664 2448 768 2498 urhem.

66 2526 185 2592 insuper
193 2523 278 2576 exitio
289 2521 445 2572 truculenta
456 2520 584 2586 superbia
595 2518 702 2587 agebat.

66 2593 127 2647 Nee
137 2595 212 2646 vitiis
224 2595 339 2644 deerant
347 2593 426 2644 vires.
454 2589 630 2661 Nonianglor
641 2588 694 2640 ulli

61 2665 202 2715 Ausoniae
210 2662 314 2731 populo
327 2665 382 2727 (sio
393 2669 454 2717 tum
464 2660 731 2723 foraminisa-aq

50 2733 175 2800 Annqne
187 2735 356 2805 argentique
367 2738 489 2794 modus:
502 2737 809 2793 madeiaataeeneno
