1920 2962
317 112 370 167 ios
513 112 542 161 C.
572 107 676 162 SlLll
706 111 873 162 lTALlCl

317 231 473 292 Pennino,
484 235 589 293 onata,
601 245 685 282 meas.
704 228 786 281 Secia
799 245 876 281 arma
885 229 906 282 l<

259 302 311 354 505
320 300 510 353 Acceleremus
520 314 609 367 opem.
629 300 739 367 lamque
750 301 906 350 intermixta

320 371 454 431 classice,
466 383 667 437 procursusque
677 369 750 419 viros
762 369 901 421 coliiserat

320 440 429 491 Primus
441 438 561 490 claustra
571 453 653 489 manu
663 443 761 505 portae
770 437 900 488 Dictator

320 509 437 560 Disiecit
447 513 555 574 postes,
566 509 693 576 rupitque
702 507 731 557 in
741 507 847 573 proelia
859 521 906 557 our

321 576 384 628 Non
394 578 520 646 graviore
530 582 642 628 moreat
653 578 727 627 venti
738 577 889 627 certamina
899 591 906 625 ι

262 646 313 697 510
326 647 460 712 Odrysius
469 646 589 709 Boreas,
601 652 630 697 et
641 644 745 712 Syrtim
755 645 851 696 tollere
863 645 906 712 pol

321 715 441 767 Africus:
453 715 547 767 obnixi
557 731 619 767 cum
629 715 702 767 bella
711 713 830 766 furentia
840 719 906 780 torq*

279 802 281 806 ·
321 785 484 837 Distraxere
494 784 608 847 fretum,
621 801 654 835 ao
664 784 771 835 diversa
782 784 817 834 ad
826 784 906 834 litora

322 855 432 921 Aequor
441 855 555 920 quisque
566 869 657 917 suum;
667 855 790 919 sequitur
800 853 905 903 strideo

322 921 401 974 Nunc
415 921 485 983 huc,
501 936 572 971 nuno
587 922 665 984 illuc,
683 928 792 987 raptum
806 936 896 982 mare,

799 991 886 1041 undis.

263 1059 314 1110 515
326 1057 409 1112 Haud
420 1058 692 1125 prorsusdaretullus
699 1056 796 1122 honos,
808 1059 906 1127 tellusq

323 1129 506 1191 Phoenicum,
519 1134 548 1178 ct
559 1125 696 1196 Carthago
708 1143 802 1191 ruens,
812 1129 906 1179 iniuria

324 1198 395 1250 Orto
404 1211 438 1247 ex
446 1197 549 1247 invidia
560 1197 668 1248 decoris
680 1199 755 1249 tulit:
768 1200 906 1248 omniane

323 1266 401 1316 Dura
411 1265 492 1316 simul
502 1264 610 1315 devicta
620 1267 693 1328 viro,
704 1273 806 1330 metus,
819 1267 906 1318 Hanni

322 1334 441 1396 Invidia,
453 1338 535 1400 atque
545 1348 601 1384 una
610 1335 697 1385 Fama
707 1341 735 1387 et
745 1337 868 1387 Fortuna
878 1352 906 1386 su

264 1403 314 1454 580
324 1404 434 1455 Poenus
446 1402 480 1453 ab
492 1402 602 1454 excelso
612 1404 724 1470 rapidos
735 1406 880 1456 decurrere
891 1421 906 1455 v

323 1474 360 1524 Ut
369 1471 450 1534 vidit,
461 1478 599 1525 tremuere
610 1475 683 1536 irae,
694 1476 847 1542 ceciditque
857 1489 906 1541 rep

324 1544 392 1593 Cum
402 1543 505 1609 gemitu
517 1557 579 1608 spes
590 1541 663 1594 haud
674 1543 772 1595 dubiae
784 1558 906 1610 praesum

270 1621 273 1626 '
325 1613 432 1679 Quippe
444 1613 530 1663 aciem
541 1612 625 1665 denso
637 1613 890 1664 circumvallaverat
903 1632 906 1659 t

325 1682 482 1734 Hausturus
494 1682 601 1734 clausos
614 1684 747 1735 coniectis
759 1684 877 1750 undique
889 1689 906 1733 t‹

265 1751 315 1802 585
327 1753 415 1820 Atque
425 1749 469 1802 hic
479 1752 634 1804 Dardanius
645 1767 730 1819 pravo
741 1754 889 1804 certamine
900 1768 906 1801 t

324 1822 382 1872 lam
393 1819 482 1888 Styga
493 1828 521 1872 et
532 1828 658 1873 aeternas
667 1824 786 1873 intrarat
796 1828 888 1872 monte
900 1827 906 1871 t

324 1890 395 1941 Nam
406 1890 521 1941 Fabium
533 1891 716 1958 auxiliumque
727 1893 777 1942 viri
788 1906 900 1958 sperare

325 1961 392 2010 Cum
402 1959 507 2018 senior,
519 1959 627 2024 gemino
640 1961 797 2028 complexus
809 1961 906 2026 proelia

323 2026 460 2078 Ulteriora
470 2025 538 2092 ligat
547 2027 704 2080 Poenorum
714 2036 794 2098 terga
808 2045 906 2080 corona

265 2095 316 2146 590
327 2096 364 2145 lit
375 2092 457 2143 modo
468 2093 627 2148 claudentes
638 2100 735 2162 aciem,
746 2115 818 2150 nunc
829 2100 906 2150 extin

324 2162 437 2214 clausos
447 2164 505 2229 ipsc
516 2169 600 2217 tenet.
619 2168 753 2219 Maiorem
765 2183 877 2236 surgere
888 2170 906 2219 ir

322 2232 510 2298 Maioremque
521 2233 598 2284 dedit
609 2238 683 2286 cerni
694 2237 863 2304 Tirynthius.
882 2238 906 2288 A'

324 2299 478 2352 scintillant
489 2303 603 2365 cristae,
614 2309 643 2354 et
654 2308 775 2370 (mirum)
785 2306 906 2358 relocibu

322 2370 378 2422 Por
387 2369 505 2422 subitum
517 2372 644 2423 membris
656 2378 730 2426 veuit
740 2378 831 2444 rigor:
842 2377 906 2445 inge

263 2437 317 2490 505
327 2441 512 2506 Aversumque
524 2444 624 2505 premit
634 2443 752 2496 telorum
763 2445 879 2497 uultibus
890 2442 906 2496 i

319 2508 417 2575 Qualis
428 2513 495 2581 post
504 2510 646 2578 iuvenem,
655 2515 777 2566 nondum
785 2514 906 2566 subeunti

304 2581 424 2638 Rootor
433 2591 500 2640 erat
511 2586 613 2659 Pylius
620 2585 706 2640 bellis
717 2590 813 2637 cretata
824 2597 906 2631 aucun

293 2654 373 2743 ῙΜΘ
386 2675 482 2716 ruens
489 2702 499 2732 ,
514 2661 649 2726 Thurin,
662 2657 814 2713 eulmen,
823 2650 906 2698 eima
