1920 2962
63 248 73 259 μ
216 172 468 226 PUNlCORUM
497 175 578 227 ΗΒ.
596 175 643 227 Xl.
749 177 800 229 ²23

61 295 103 347 Ad
114 309 183 362 quos
194 309 249 344 non
261 295 319 344 ausi
331 291 468 361 Carthago
481 300 562 362 utque
572 295 710 347 Hannibal
720 311 796 348 orma

63 365 132 416 Post
144 364 250 415 Cannas
261 361 361 414 afferre
373 362 453 414 suast
468 363 647 430 Nunquamne
659 381 708 432 per
720 382 799 418 aures

62 435 88 485 lt
98 439 215 494 vestras,
225 433 253 482 in
265 433 385 499 Tarpeia
395 448 458 483 curn
468 433 533 485 sede
544 433 637 484 Latini

64 503 184 553 orarent
195 503 281 567 pario,
293 499 366 552 haud
377 502 475 565 verbis,
487 500 561 553 haud
573 517 655 566 voce,
665 503 714 555 sed
726 507 782 556 acri

62 571 226 637 Propulsum
238 571 344 634 dextra,
356 573 469 638 quitum
482 571 612 623 mandata
621 571 739 638 superbo
826 574 860 624 80

63 642 118 692 Ore
129 640 304 706 apportabat,
314 646 393 691 tanto
405 656 455 707 per
464 641 557 692 limina
567 641 660 708 templi

61 710 185 760 Turbine
194 710 373 775 praecipitem
384 709 502 761 revoluti
512 711 636 776 corporis
647 716 747 775 actum,

61 781 106 840 Ut,
117 793 201 829 saevo
213 777 331 829 afflictus
342 793 420 840 saxo,
431 785 574 845 spectante
586 781 676 845 piaret

61 848 167 898 Tristia
176 847 250 899 dicte
261 847 334 910 love,
347 853 375 898 et
385 847 473 899 lueret
484 848 569 898 rerba
579 849 663 915 impia
673 847 748 901 letot

60 917 103 968 En
114 932 167 984 ego
181 918 327 984 progenies
337 918 404 979 eius,
417 917 462 984 qui
473 916 538 968 sede
549 918 684 969 'l'onantis
826 919 859 970 80

61 985 175 1052 Expulit
187 993 320 1048 orantem,
331 993 360 1037 et
370 987 443 1037 nuda
454 987 589 1052 Capitolia
599 987 700 1038 Consul

60 1055 193 1107 Defendit
209 1055 315 1106 dextra.
347 1055 481 1106 Rabidum
499 1053 574 1119 hinc,
590 1056 747 1124 palmesque
762 1060 799 1108 ri·

537 1140 630 1176 rorum

60 1195 247 1246 intentantem
261 1192 355 1253 oculis,
366 1193 545 1260 proavitaque
555 1192 631 1244 fucta
641 1200 783 1259 parantem

59 1264 95 1316 Ut
104 1262 177 1313 vidit
187 1262 291 1312 maiore
303 1260 372 1311 adeo
386 1261 547 1312 crudescere
557 1266 643 1324 motu,

58 1332 173 1398 Excipit
185 1328 227 1380 his
239 1329 796 1400 frendensFabius:Procunctapudendil
825 1334 860 1386 00
905 1383 909 1388 .

59 1400 157 1464 Sedes,
170 1415 244 1463 ecce,
257 1405 351 1462 vacat,
362 1400 424 1451 belli
435 1400 547 1452 viduata
557 1402 693 1468 procella:

60 1472 159 1534 Quem,
173 1485 289 1537 quaeso,
300 1485 315 1520 e
326 1470 404 1520 robis
414 1468 477 1521 huic
487 1472 649 1537 imposuisse
661 1471 781 1538 parotisi

57 1542 147 1608 Inque
157 1539 248 1591 locum
255 1539 342 1590 Paulli
352 1555 494 1607 quemnam
501 1538 590 1591 datis?
604 1542 706 1602 Antuu,
717 1540 800 1604 Virri,

57 1610 155 1662 Prima
166 1615 248 1676 atque
260 1615 322 1659 ante
335 1608 403 1661 ulios
412 1608 483 1670 fors,
495 1609 662 1661 concedente
676 1609 790 1673 Senatu,

59 1680 104 1731 Te
115 1680 198 1740 citat,
209 1693 243 1729 ac
253 1679 354 1728 nostris
365 1684 465 1746 aequat
474 1679 530 1728 inm
540 1677 780 1743 purpurassrntist
827 1679 861 1729 95

58 1751 82 1812 l,
93 1748 215 1809 demens,
226 1749 245 1809 i,
258 1763 310 1815 quo
322 1747 424 1798 tendis:
435 1747 485 1797 tibi
496 1746 602 1812 perfido
612 1745 701 1798 fasces

59 1818 118 1869 Det
127 1815 265 1884 Carthago
277 1832 349 1868 suos.
381 1815 475 1865 Medio
487 1814 596 1864 fervore
607 1813 751 1881 loquentis,

60 1887 211 1953 lmpetiens
223 1886 295 1936 ultra
305 1886 409 1952 gemitu
421 1882 549 1934 cohibere
561 1881 691 1945 terrorem,

59 1956 205 2008 Fulmineo
215 1961 323 2006 torvum
335 1954 471 2004 exclamat
481 1951 629 2003 Marcellus
640 1952 674 2004 ab
686 1954 739 2003 ira:

61 2026 141 2088 Quae
151 2025 272 2087 tandem,
283 2034 311 2076 et
322 2039 402 2091 quam
412 2023 487 2074 lenta
498 2027 575 2073 tenet
585 2023 718 2088 patientia
728 2038 800 2074 uren-

536 2098 602 2153 tem,
810 2095 861 2144 100

61 2165 85 2221 0
99 2163 213 2216 confuse
225 2164 304 2214 nimis
316 2162 429 2213 Gradivi
440 2162 546 2212 turbine
558 2162 657 2224 Varro,

60 2236 98 2286 Ut
108 2232 232 2300 perferre
244 2246 328 2300 queas
339 2231 485 2282 furibunda
495 2232 631 2282 insomnia
642 2230 757 2282 Consull

60 2303 160 2355 Nonne
172 2302 334 2353 exturbatos
344 2301 399 2351 iam
410 2301 510 2352 dudum
522 2301 613 2351 limine
624 2301 718 2367 templi

61 2373 233 2440 Praecipites
244 2373 302 2438 agis
314 2370 347 2421 od
360 2369 471 2436 portast
482 2376 511 2422 et
521 2370 627 2421 discere
637 2371 714 2436 cogis

61 2440 226 2504 Semivires,
238 2440 311 2509 quod
321 2441 356 2491 sit
365 2445 460 2490 nostro
472 2440 593 2490 demere
605 2440 690 2488 creati
812 2438 862 2489 105

61 2511 189 2565 consulis
198 2507 360 2576 imperiuml
372 2507 433 2559 Non
445 2523 564 2576 unquam
574 2507 667 2558 sobria
678 2506 762 2572 pubes

59 2582 97 2634 Et
109 2583 234 2649 peritura
243 2580 329 2642 brevi,
340 2594 449 2642 moneo,
461 2579 538 2629 ocius
550 2576 626 2628 Urbe
634 2575 760 2628 lacesse.

57 2651 156 2702 Muros
166 2656 232 2701 onte
242 2655 305 2702 tuos
317 2651 361 2715 (ut
371 2666 424 2719 par
436 2653 493 2718 est)
505 2649 605 2704 debita
616 2647 721 2700 ductor

47 2719 181 2771 Armatus
190 2734 331 2787 responsa
342 2723 434 2778 dabit.
464 2726 658 2795 Consurgere
669 2715 776 2772 cuneo
