1920 2962
166 183 218 235 2⁰8
350 184 379 233 C.
410 178 516 233 SlLil
544 178 710 233 imici

106 302 157 355 ms
170 304 235 355 &sm
254 302 376 364 Poenus,
397 314 517 368 propere
533 300 652 352 oolleeto
668 314 805 367 corporo,
826 316 907 371 qusn-

641 384 725 437 quom

168 443 289 492 cernuus
299 438 400 491 inflexo
411 439 520 506 sonipes
531 437 667 489 effuderat
677 452 772 503 urmo;

166 511 320 563 Umbraene
331 510 467 561 Ausoniae
477 507 598 560 rediviva
606 508 635 558 in
644 506 720 559 bello
729 513 884 560 retractent

166 581 236 633 Post
255 580 359 632 obitum
373 576 501 630 dextras?
522 591 573 629 neo
589 578 618 628 in
638 578 701 645 ipso
721 584 815 682 oporte
837 580 905 646 quiu-

632 651 739 709 ,scunt

168 719 213 770 Sic
225 720 277 780 ait,
294 724 376 786 etque
386 731 499 786 aegrum
515 717 655 783 coeptanti
668 716 800 769 attollere
811 732 904 786 eorpus

107 789 158 841 260
168 788 274 840 Arduus
284 790 427 856 insurgens
435 793 524 840 totum
536 786 696 854 permiscuit
706 800 813 838 ensem.

168 859 252 921 Eece,
266 858 398 925 Cydonea
407 856 524 908 violatus
536 854 667 907 arundine
678 854 815 921 plantem,

169 928 303 979 Lentulus
314 927 408 978 effusis
419 940 545 992 campum
555 924 698 993 linquebat
709 921 840 990 hebenis3

169 999 237 1048 Cum
248 996 361 1047 videtin
372 996 486 1063 scopulo
497 1002 638 1046 rorantem
648 1008 717 1048 saxu
730 1010 841 1059 eruore,

169 1067 317 1133 Torvoque
328 1065 425 1117 obtutu
435 1065 572 1116 lubentem
581 1067 610 1115 in
620 1066 743 1117 Tartara
754 1066 884 1117 Paullum.

109 1136 158 1187 265
169 1137 248 1188 Mens
260 1136 340 1187 abiit:
354 1135 503 1204 puduitque
515 1133 606 1203 fugae.
637 1137 711 1186 Turn
720 1137 783 1187 viso
794 1132 900 1188 ommed

168 1206 256 1258 Roma
265 1209 334 1269 tiro,
346 1212 411 1257 tuno
423 1206 457 1256 od
468 1213 563 1272 portos
572 1205 627 1256 ism
638 1211 713 1258 sture
725 1213 857 1259 cruentus

166 1274 318 1338 Hannibei;
331 1281 360 1325 et
369 1280 458 1326 totum
469 1280 535 1325 tuno
547 1276 664 1342 primum
675 1281 740 1327 unte
754 1292 806 1328 ora
815 1276 886 1327 mere

167 1343 316 1395 Sorbentes
328 1344 438 1394 Latium
449 1345 547 1410 campi.
581 1343 653 1406 Quiri
662 1344 764 1397 deinde
773 1346 898 1403 usnemu,

167 1414 292 1464 Crastino
303 1427 352 1463 cur
363 1414 464 1479 Tyrios
475 1413 522 1464 lux
532 1428 587 1465 non
599 1413 717 1466 deducat
728 1415 765 1466 ed
776 1416 882 1473 Urbem,

106 1484 156 1531 2¹10
167 1483 280 1533 Deseris
290 1483 317 1531 in
329 1483 413 1533 tontis
423 1484 535 1550 puppim
546 1485 578 1547 si,
590 1483 694 1546 Paullo,
704 1482 853 1551 procellis!

167 1553 270 1603 Testor
280 1552 442 1614 coelicolas,
453 1554 548 1620 inquit,
560 1554 588 1603 ni
597 1553 699 1604 domno
707 1553 848 1622 gubernes

168 1622 291 1673 Crudelis
300 1620 373 1685 beili,
385 1623 506 1690 virisque
516 1624 545 1672 in
555 1623 664 1673 turbine
673 1627 754 1675 tanto

167 1693 285 1757 invitus;
296 1692 369 1759 plus,
381 1692 490 1755 Paullo,
501 1692 592 1755 (dolor
601 1691 687 1742 verbo
698 1707 800 1759 aspera
810 1690 896 1753 dictet)

166 1761 232 1814 Plus
243 1762 369 1816 Varrone
380 1778 472 1814 nooes.
502 1763 589 1829 Cape,
602 1776 718 1830 quaeso,
731 1760 818 1826 huno,
828 1762 896 1813 uoiot

642 1846 736 1883 rerum

107 1903 155 1952 275
167 1905 323 1965 Fossatum,
335 1901 592 1970 oapecornipedem.
603 1900 895 1969 Languentiomombn

167 1974 228 2038 lpse
240 1972 337 2022 levabo
350 1970 478 2033 humeris,
489 1978 517 2022 et
527 1971 609 2022 dorso
620 1977 681 2021 tuto
692 1971 802 2024 locabo.

166 2042 245 2091 Haeo
254 2041 335 2102 inter,
345 2041 437 2092 lacero
449 2047 604 2092 manantem
616 2055 710 2093 exoro
722 2056 849 2093 cruorem

166 2111 306 2171 Eioetans,
319 2110 428 2174 Consul,
440 2112 532 2161 Macte
546 2112 675 2161 ovirtute
687 2110 818 2177 paterne!

165 2177 223 2227 Nec
235 2192 300 2228 vero
312 2196 375 2244 spes
385 2185 527 2248 angustae,
540 2195 600 2230 oum
612 2180 680 2231 tolia
691 2186 800 2232 restent

104 2249 154 2296 280
166 2247 287 2298 Pectora
298 2247 429 2299 Romuleo
442 2263 535 2316 regno.
564 2249 722 2301 calcaribus
733 2250 821 2312 aufer,

166 2316 228 2378 Quo
244 2316 339 2367 vulnus
357 2319 502 2383 permittit,
519 2333 631 2387 equum:
649 2326 732 2387 utque
748 2318 813 2371 hino
829 2318 894 2370 otim

642 2389 722 2440 Urbis

165 2455 332 2507 claudantur
342 2460 448 2522 portae.
483 2455 555 2508 Ruet
564 2456 633 2510 hoec
643 2459 678 2509 od
690 2461 802 2510 moenia
811 2455 894 2526 pettit·

164 2525 226 2587 Die,
239 2538 297 2587 oro,
309 2542 399 2577 rerum
409 2526 495 2578 Fabio
509 2528 652 2579 tradantur
665 2524 799 2582 habente.

152 2593 270 2648 Nostris
282 2599 419 2669 pugnavit
427 2596 637 2651 monitisimom
666 2598 855 2662 mnpuumts

76 2666 136 2719 285
148 2669 228 2733 Quid
237 2676 380 2741 superest
390 2671 464 2736 vita,
472 2670 532 2723 nisi
541 2680 646 2719 eueeue
654 2664 884 2741 ostennerepuim

132 2740 281 2800 Pouiium
293 2746 373 2802 scire
381 2740 480 2801 morii
488 2726 929 2797 rorosmeonmnunnurm
