1920 2962
161 141 196 192 86
351 138 379 187 G.
406 133 512 188 SlLll
541 136 709 191 lrnblcl

163 261 351 324 centenasque
362 260 442 322 pater
452 255 500 307 det
510 253 639 307 Phoebus
649 254 766 307 fundere
776 270 875 323 vaces,

162 329 219 378 Tot
231 325 330 377 caedes
341 324 466 391 proferre
478 339 589 393 queam,
607 327 676 391 quot
684 323 804 377 dextera
814 328 907 397 magni

103 398 154 450 550
167 393 304 457 Consulis,
316 400 365 444 aut
375 400 472 445 contra
483 393 586 458 Tyriae
596 392 674 443 furor
685 391 773 445 edidit
780 394 853 447 irae.

170 466 330 515 Murranum
341 464 440 514 ductor
449 461 566 527 Libyae,
578 461 730 528 ductorque
740 460 908 519 Phalantus

163 534 313 595 Ausonius,
325 547 426 600 gnaros
436 530 514 593 belli,
524 536 686 597 veteresque
695 529 835 596 laborum,

163 603 240 655 Alter
250 604 278 653 in
290 602 403 652 alterius
414 599 544 650 fuderunt
555 600 706 649 comminus
718 613 778 649 ore.

165 673 261 722 Monte
272 670 427 737 procelloso
438 669 599 719 Murranum
610 668 724 717 miserat
734 668 841 730 Anxur,

107 740 156 791 535
170 740 293 792 Tritonis
304 741 383 790 niveo
395 744 425 789 te
435 753 523 801 sacra,
534 734 678 798 Phalanto,
690 736 841 806 profunda.

166 811 203 861 Ut
213 811 329 877 primum
340 808 440 876 insigni
450 806 527 858 fulsit
536 806 671 857 velamine
683 806 795 868 Consul,

169 880 331 945 Quanquam
344 878 426 928 orbus
437 881 544 942 partem
551 877 633 937 risus,
645 888 754 940 unoque
764 874 910 941 Cupencus

167 948 284 997 Lumine
296 946 434 996 sufficiens
444 944 537 1007 bellis,
554 945 623 995 citat
632 943 775 1010 improbus
790 942 909 1010 hastan,

167 1016 205 1065 Et
215 1010 337 1065 sum'mae
347 1014 407 1079 tigit
417 1012 624 1064 tremebundam
636 1014 758 1079 margine
769 1028 894 1080 parmae.

108 1084 158 1134 540
170 1084 219 1134 Cui
230 1082 343 1144 Consul,
354 1096 471 1148 namque
480 1083 524 1132 ira
535 1084 642 1149 coquit:
661 1081 739 1200 Pque
746 1082 909 1203 ggmprssbb

647 1167 691 1218 qur
713 1166 758 1219 qul

166 1222 265 1271 Restat
274 1223 303 1272 in
313 1236 360 1272 ore
370 1219 440 1283 fero,
452 1225 482 1270 et
491 1224 621 1271 truncata
630 1218 722 1270 fronte
732 1220 853 1275 relucet.

168 1288 214 1340 Sic
226 1292 273 1352 nit,
284 1292 444 1355 intorquens
456 1288 561 1339 directa
574 1288 682 1340 turbiue
691 1288 786 1353 robur,

166 1360 205 1410 Et
215 1359 303 1409 dirum
314 1363 374 1408 tota
384 1359 513 1408 tramittit
524 1357 635 1423 cuspide
645 1357 745 1409 lumen.

167 1427 226 1479 Nec
237 1427 324 1477 linior
335 1426 433 1476 dextra
443 1433 590 1493 generatus
600 1428 759 1479 Hamilcare
771 1432 873 1483 saevit.

107 1496 157 1547 545
170 1497 243 1547 Huic
255 1496 328 1546 cadit
338 1494 435 1547 infelix
446 1497 530 1546 niveis
542 1496 667 1548 Varenus
676 1499 703 1548 in
716 1500 811 1551 armis.

166 1567 299 1616 Meranas
311 1566 446 1627 Varenus,
460 1572 520 1617 arat
531 1567 574 1615 cui
587 1566 678 1617 dinan
690 1566 759 1620 uber

168 1636 263 1700 Campi
271 1634 405 1703 Fulginia,
416 1640 445 1685 et
455 1635 554 1700 patulis
566 1635 716 1687 Clitumnus
725 1638 753 1687 in
765 1638 841 1691 arvis

168 1704 323 1755 Candentes
355 1704 425 1755 elido
436 1703 575 1771 perfundit
585 1703 695 1757 flumine
706 1712 812 1759 tauros.

168 1772 223 1825 Sed
234 1775 327 1825 tristes
335 1720 451 1840 dapem,
464 1779 546 1841 atque
556 1775 666 1841 ingrata
676 1776 798 1827 maxima
807 1792 876 1829 cura
946 1778 952 1812 ·'

106 1841 157 1892 550
167 1844 288 1895 Victima
300 1845 421 1911 Tarpeio
432 1843 535 1895 frustra
544 1845 648 1894 nutrita
657 1844 785 1894 Tonanti.

167 1914 255 1963 lustat
264 1913 353 1963 Hiber
363 1913 440 1973 levis,
451 1917 480 1963 et
488 1912 574 1962 levior
586 1912 738 1964 discurrere
748 1914 875 1969 Maurus.

165 1983 238 2030 Hinc
249 1981 313 2046 pila,
326 1979 519 2044 hincLibycae
531 1986 639 2031 certant
648 1980 796 2034 subtexere
808 1998 906 2036 cornus

165 2047 458 2114 Densanubepolum=
478 2052 661 2116 quantumque
670 2051 818 2105 interiacet
828 2054 906 2123 aeqrd

166 2117 205 2167 Ad
216 2118 291 2182 ripas
303 2117 400 2182 campi,
412 2122 519 2167 tantum
529 2118 665 2169 vibrantia
676 2119 798 2172 condunt

107 2184 156 2233 555
168 2186 249 2236 Tela:
261 2200 312 2235 nec
324 2187 422 2259 artatis
432 2185 509 2236 locus
520 2188 600 2239 estin
611 2193 700 2238 morte
712 2189 838 2243 cadendi.

165 2255 257 2316 Allius,
269 2255 407 2321 Argyripa
416 2253 562 2322 Daunique
573 2256 715 2323 profectus
727 2257 761 2308 ab
773 2261 848 2311 arria

168 2324 298 2385 Venator,
310 2321 422 2373 rudibus
432 2323 528 2374 iaculis
539 2332 567 2377 et
579 2326 684 2395 lapygc
695 2341 823 2394 campum

166 2390 342 2443 Persultabat
352 2406 433 2458 equo,
445 2392 604 2463 mediosque
613 2397 740 2447 invectus
750 2397 778 2448 in
789 2394 886 2451 hostes

164 2461 268 2527 Appula
279 2475 334 2512 non
345 2476 417 2510 rana
428 2462 575 2528 torquebat
586 2465 692 2532 spicula
704 2464 811 2518 dextra

104 2528 154 2579 550
165 2531 238 2580 Huic
250 2529 346 2580 horret
356 2527 457 2581 thorax
468 2528 597 2585 Samnitis
608 2534 723 2601 pellibus
734 2551 825 2601 ursae,

162 2599 200 2649 Et
211 2598 291 2666 galea
303 2602 397 2651 annosi
408 2601 526 2652 vallatur
537 2602 664 2655 dentibus
675 2606 742 2669 apii.
950 2656 952 2661 .

163 2668 265 2720 Verum
277 2668 322 2719 ubi
335 2671 499 2732 turbantem,
512 2672 572 2723 solo
584 2688 636 2733 ceu
645 2672 733 2723 lustra
745 2682 873 2739 pererret
