1920 2962
234 108 491 180 PUNlcoRUM
513 109 591 160 nro.
620 112 640 160 1.
772 111 805 161 ²1

66 229 127 280 Fax
138 228 216 278 coelo
227 227 329 288 radios,
342 243 374 277 eo
386 242 469 277 saeva
479 227 540 277 luce
551 243 695 278 coruscum

68 297 204 349 Scintillat
216 297 299 357 sidus,
310 297 447 362 terrisque
458 301 581 346 extrema
591 298 716 347 minatur.

66 367 216 431 Praecipiti
228 365 294 414 dant
304 364 360 414 tela
368 366 448 425 viam,
459 364 526 414 dant
536 366 622 431 signa,
634 367 749 432 iirique3
813 367 863 416 465

66 439 152 502 Atque
165 435 261 485 ambae
273 433 410 498 trepident
421 435 505 484 acies:
526 435 593 482 iacit
601 436 696 500 igneus
708 435 804 486 hastae

68 505 164 555 Dirum
175 505 265 553 lumen
278 516 357 566 apex,
370 502 467 552 aelate
478 501 599 568 fulgurat
608 503 699 553 umbo.

10 617 12 623 .
52 633 55 641 .
67 574 143 624 Talis
153 572 200 622 ubi
211 573 321 637 Aegaeo
335 576 462 637 surgente
475 571 509 619 ad
520 571 611 621 sidera
621 579 704 636 ponto

67 644 120 693 Per
130 642 242 707 longum
254 646 330 689 vasto
344 641 407 689 Cori
419 655 481 689 cunr
490 654 627 689 murmure
637 638 736 690 fluctus

15 738 19 743 -
66 710 273 777 Suspensurnin
286 714 374 758 terres
387 714 480 774 portat
490 724 575 768 mare,
587 707 686 774 frigida
696 712 785 759 nautis
814 712 865 760 4ἵο

13 832 18 839 ,
67 779 158 830 Corde
168 783 301 828 tremunt:
321 783 403 826 sonat
411 777 557 842 illeproeul
563 814 571 838 ,
588 776 707 843 flatuque
719 787 804 828 tume-

542 861 621 896 scens

59 917 192 967 ·Curvetis
203 914 316 980 pavidas
326 915 488 964 transmittit
501 915 636 978 Cycladas
648 914 734 964 undis.

66 984 127 1034 Non
138 987 263 1033 cunctae
274 983 358 1032 muris
369 998 450 1032 unum
459 985 625 1033 incessentia
635 984 700 1045 tela,

66 1055 268 1119 Funinntesque
282 1057 344 1101 ante
356 1065 405 1101 ore
415 1050 499 1113 faces,
511 1067 565 1102 non
577 1066 644 1102 saxa
654 1068 704 1118 per
710 1048 797 1103 artem

67 1123 224 1172 Tormentis
237 1136 353 1171 excussa
363 1126 465 1170 tenent.
495 1123 532 1170 Ut
541 1123 662 1187 tegmina
673 1123 789 1186 primum
813 1121 864 1171 475

65 1191 207 1257 Fulgentis
217 1190 313 1256 galeae
324 1191 475 1255 conspexit,
488 1195 516 1240 et
526 1205 603 1239 arma
613 1196 726 1240 cruento

64 1260 140 1310 lnter
153 1259 238 1309 solem
249 1274 315 1309 euro
326 1259 475 1320 rutilantia,
486 1258 610 1308 turbidus
620 1259 693 1308 infit:

64 1329 117 1390 En,
129 1329 175 1394 qui
185 1343 229 1378 res
239 1328 370 1392 Libycas,
381 1329 544 1394 inceptaque
555 1333 633 1377 tanta
644 1328 775 1389 retardet,

65 1398 185 1448 Romani
194 1397 305 1448 Murrus
315 1397 379 1448 belli
390 1412 476 1447 mora.
504 1397 638 1458 Foedera,
651 1396 725 1459 faxo,

64 1467 123 1517 lem
133 1480 243 1528 noscas,
256 1466 319 1532 quid
331 1482 402 1517 vana
413 1472 522 1533 queant,
534 1472 562 1516 et
571 1473 663 1516 vester
673 1466 802 1516 Hiberus.
814 1466 864 1516 480

64 1537 119 1587 Fer
130 1540 222 1585 tecum
235 1541 392 1603 castamque
405 1535 487 1585 fidem
498 1541 659 1602 servataque
669 1537 742 1585 iura:

64 1605 207 1671 Deceptus
219 1602 285 1654 mihi
294 1605 385 1671 linque
396 1605 480 1655 Deos.
511 1605 559 1654 Cui
569 1605 637 1654 talia
646 1605 767 1654 Murrus:

65 1675 221 1739 Exoptetus
234 1673 308 1724 ades.
337 1675 416 1724 Mens
427 1673 491 1723 olim
501 1674 606 1739 proelia
617 1675 714 1739 poscit,

65 1740 175 1810 Speque
186 1744 226 1792 tui
236 1741 337 1809 flagrat
348 1744 458 1808 cupitis:
477 1739 519 1791 ser
528 1742 621 1790 debita
635 1741 761 1790 fraudum

65 1812 203 1873 Praemia,
215 1816 243 1861 et
255 1811 361 1860 ltaliam
372 1810 469 1859 tellure
478 1810 584 1874 inquire
595 1809 644 1858 sub
655 1811 718 1857 ima.
815 1809 864 1858 485

66 1880 195 1948 Longum
205 1880 233 1928 in
241 1877 400 1928 Dardanios
411 1877 479 1927 fines
489 1879 551 1937 iter,
564 1881 644 1943 atque
655 1876 771 1926 nivalem

66 1949 206 2015 Pyrenen,
217 1947 351 2013 Alpesque
362 1946 411 1997 tibi
423 1960 484 1996 mea
494 1945 609 1996 dextera
619 1945 711 1995 donat.

66 2018 148 2069 llaec
156 2019 230 2068 inter
241 2032 355 2067 cernens
367 2016 527 2066 subeuntem
533 2013 804 2076 comminushostem‚

66 2087 304 2153 Praeruptumque
314 2085 369 2136 loci
381 2085 464 2135 fidum
476 2084 540 2145 sibi,
554 2086 667 2150 corripit
676 2087 771 2152 ingens

68 2157 175 2223 Aggere
187 2154 317 2206 convulso
328 2169 434 2215 saxum,
445 2158 474 2203 et
483 2153 594 2203 nitentis
602 2155 630 2203 in
643 2169 692 2204 ora
815 2154 865 2204 490

67 2224 210 2284 Devolvit,
219 2238 362 2290 pronoque
373 2223 441 2274 silex
453 2224 507 2271 ruit
516 2223 615 2273 incitus
626 2225 691 2273 ictu.

69 2290 200 2344 Subsedit
211 2292 279 2343 duro
292 2307 441 2343 concussus
453 2290 586 2358 fragmine
597 2293 675 2342 muri.

69 2363 140 2412 Tum
152 2361 242 2428 pudor
253 2361 379 2412 accendit
389 2367 517 2422 mentem,
528 2376 578 2412 nec
590 2363 701 2411 conscio
711 2361 781 2410 fallit

69 2431 167 2481 Virtus
176 2444 272 2496 presse
282 2430 359 2494 looo;
378 2428 506 2480 frendens
516 2428 644 2491 luctatur,
657 2437 684 2479 et
696 2445 779 2496 aegro

70 2497 184 2550 Scandit
193 2500 221 2549 in
234 2498 377 2549 adversum
389 2513 439 2564 per
448 2514 515 2549 sexa
524 2501 646 2550 vetantia
659 2500 728 2548 nisu:
817 2496 868 2549 495

70 2566 124 2619 Sed
136 2573 282 2634 postquam
293 2571 405 2634 propior
415 2569 503 2617 ricino
516 2569 615 2618 lumine
627 2567 713 2628 fulsit,

68 2637 106 2688 Et
116 2643 179 2688 tota
189 2651 219 2687 se
230 2636 302 2688 mole
311 2638 383 2702 tulit,
393 2636 471 2690 velut
478 2637 570 2691 inulte
579 2638 711 2690 oleosum
