1920 2962
226 111 482 165 PUNlGORUM
509 113 591 203 1313.
618 115 652 165 ll.
774 117 808 168 45

70 229 126 283 Sed
136 246 199 293 vos,
211 247 227 282 o
237 232 363 293 iuvenes,
372 235 460 284 vetuit
471 247 537 301 quos
549 235 658 283 conseia
668 235 752 285 virtus
817 236 866 286 575

68 301 156 352 Posse
168 300 238 367 capi,
249 301 308 369 quis
319 300 403 352 telum
409 303 505 370 ingens
516 307 613 352 contra
623 317 722 369 aspera
731 319 805 356 mors

544 376 594 431 est,

68 438 175 490 Vestris
186 439 296 489 servitio
308 439 431 490 manibus
443 439 585 490 subducite
595 445 704 493 matres.

66 507 160 561 Ardua
169 509 298 558 virtutem
308 507 415 574 profert
424 509 476 557 via.
505 509 616 576 Pergite
628 510 707 574 primi

66 576 127 628 Nec
138 575 247 626 facilem
257 576 373 642 populis,
385 591 436 626 nec
446 583 540 627 notam
549 578 678 628 invadere
688 577 805 631 laudem.

66 646 119 696 His
130 644 177 694 ubi
187 644 311 695 turbatas
321 643 475 696 hortatibus
484 645 592 711 impulit
603 661 682 698 aures
701 684 709 709 ‚
815 649 866 698 580

66 714 134 765 lnde
147 714 217 779 petit
227 714 374 774 tumulum,
384 729 489 764 summo
502 729 582 780 quem
592 717 695 766 vertice
705 719 804 767 montis

66 780 326 848 Amphitryoniades
337 782 515 847 spectandum
526 796 560 832 ex
571 798 690 849 aequore
701 787 790 836 nautis

67 850 227 912 struxerat,
238 855 267 901 et
277 856 357 917 grato
370 852 475 900 cineres
486 851 633 901 decorarat
643 850 757 904 honore.

65 922 182 972 Excitus
193 919 258 970 sede
269 917 458 984 (horrendum)
469 922 621 986 prorumpit
632 921 666 971 ab
675 922 731 973 ima

67 989 215 1041 Caeruleus
225 988 338 1038 maculis
351 1003 417 1038 auro
429 987 614 1055 squalentibus
626 992 734 1058 anguis:
816 992 866 1042 585

65 1060 152 1126 Ignea
162 1059 311 1124 sanguinea
321 1057 467 1108 radiabant
475 1057 577 1110 lumina
586 1057 709 1122 tlamma3

66 1129 180 1195 Oraque
192 1126 310 1176 uibranti
321 1126 473 1177 stridebant
484 1127 563 1176 sibila
573 1127 678 1194 lingua:

64 1198 148 1263 lsque
158 1197 229 1246 inter
234 1195 357 1260 trepidos
364 1201 469 1258 coetus,
480 1195 805 1262 mediamquepcrurbem

46 1286 52 1293 ·
64 1264 207 1325 Volvitur,
219 1269 247 1315 et
256 1265 340 1315 muris
352 1280 469 1331 propere
479 1264 614 1314 delabitur
625 1265 695 1327 altis,

63 1336 104 1386 Ac
115 1333 209 1384 similis
221 1333 338 1401 profugo
349 1335 439 1384 vicina
448 1334 483 1384 ad
493 1334 576 1385 litora
585 1334 681 1397 tendit,
815 1334 867 1387 500

65 1402 279 1470 spumantisque
289 1401 353 1454 freti
364 1418 497 1470 praeceps
507 1404 678 1470 immergitur
688 1403 776 1455 undis.

65 1473 140 1523 Tum
150 1487 216 1522 vero
230 1485 361 1523 excussae
372 1478 492 1533 mentes,
505 1487 556 1523 ceu
565 1473 676 1539 prodita
686 1478 761 1524 tecta

64 1539 181 1608 Expulsi
191 1540 298 1608 fugiant
308 1556 415 1603 manes,
428 1540 593 1608 umbraeque
605 1547 734 1592 recusent

65 1610 182 1676 Captivo
192 1608 309 1661 iacuisse
321 1610 389 1660 solo.
419 1609 536 1677 Sperara
547 1611 629 1660 saluti

64 1680 242 1731 Pertaesum:
258 1679 441 1746 damnantque
454 1679 542 1729 cibos:
555 1681 613 1745 agit
623 1678 717 1729 addita
726 1679 804 1728 Erin-

603 1761 663 1809 nys.
815 1746 865 1797 595

64 1817 149 1870 Haud
161 1817 272 1884 gravior
282 1814 355 1864 duris
365 1814 465 1864 Divdm
475 1813 650 1863 inclementia
660 1814 750 1876 rebus,

67 1887 157 1948 Quam
167 1885 217 1937 leti
229 1882 352 1951 proferre
363 1898 468 1934 moras:
486 1882 646 1947 abrumpere
656 1885 740 1933 sitam

66 1956 151 2007 Ocius
162 1954 274 2006 attoniti
286 1958 432 2020 quaerunt,
442 1952 585 2019 lucemque
596 1958 750 2020 gravantur.

66 2026 199 2077 Certatim
210 2028 329 2075 structus
340 2027 480 2073 surrectae
491 2021 569 2072 molis
581 2022 615 2072 ad
627 2029 701 2074 astra

65 2095 96 2145 ln
108 2093 200 2145 media
211 2093 288 2144 stetit
297 2092 364 2143 urbe
376 2107 473 2159 rogus3
488 2097 665 2158 portantque,
682 2091 804 2143 trahunt-

540 2175 592 2227 que
814 2161 873 2216 600

65 2229 182 2298 Longae
192 2232 267 2296 pacis
280 2225 359 2296 opes,
374 2230 550 2297 quaesitaque
561 2230 683 2296 praemia
692 2230 803 2290 dextris,

67 2297 188 2350 Callaico
199 2305 290 2351 vestes
302 2300 445 2350 distinctas
455 2299 588 2350 matribus
601 2315 676 2359 auro,

66 2368 203 2435 Armaque
213 2366 342 2419 Dulichia
351 2370 460 2434 proavis
471 2373 581 2434 portata
592 2365 745 2432 Zacyntho,

66 2435 104 2486 Et
115 2437 207 2503 prisca
217 2437 346 2488 advectos
359 2437 518 2488 Rutulorum
531 2451 565 2487 ex
574 2436 640 2486 urbo
652 2437 784 2486 Penates:

66 2505 131 2556 Huc
143 2505 272 2574 quidquid
283 2512 407 2572 superest
419 2507 521 2573 captis,
533 2506 702 2571 clipeosque,
715 2504 804 2556 simul·
825 2567 886 2615 W

258 2592 260 2596 ’
561 2589 599 2626 ue

65 2639 205 2694 lufaustos
213 2643 319 2698 iaciunt
328 2661 423 2711 enses,
437 2650 467 2700 et
478 2591 684 2700 conddtabello
