1920 2962
105 169 108 178 .
138 129 189 182 361
336 128 364 178 C.
393 124 497 178 SlLll
532 124 699 176 lTALlCl

77 250 127 301 155
137 250 287 316 Postquam
299 263 328 298 se
340 246 475 314 Superum
486 246 611 296 desertos
624 245 736 295 numine
755 254 876 298 cernunt.

137 317 195 369 Nec
204 333 296 368 mora:
309 317 439 383 propulsa
450 315 558 367 sulcant
567 314 639 364 vada
649 313 723 365 salsa
734 317 836 378 carina,

138 389 190 450 Qui
210 393 360 449 revocent,
381 386 540 452 patriaeque
560 382 652 434 ferant
672 384 805 436 mandata
821 400 875 436 mo·

613 454 712 515 nentis,

136 525 178 576 Ne
189 525 279 576 lentus
289 526 376 575 nullas
387 525 480 574 videat
491 519 664 588 Carthaginis
675 537 765 573 arces.

138 596 243 657 Quarta
254 596 361 645 Aurora
371 598 459 644 ratem
470 592 561 642 Dauni
573 590 724 641 derexerat
735 607 808 655 oras,

76 665 126 715 160
138 666 175 715 Et
186 663 245 715 iera
256 663 378 714 ductoris
389 662 539 712 turbabant
550 661 656 710 somnia
665 667 796 712 urentem.

136 732 261 798 Namque
273 734 364 800 gravis
374 733 446 783 curis
459 731 547 796 carpit
558 728 622 779 dum
634 735 716 781 nocte
728 732 855 798 quietem,

137 804 255 854 Cernere
272 802 449 863 Flaminium,
471 797 697 919 Graccbunlr’quen,
718 805 748 850 et
768 815 876 851 cernere

637 883 671 918 au
692 883 739 918 um

136 940 218 991 Visus
230 944 290 990 erat
300 939 378 989 simul
391 938 522 990 adversos
533 937 710 991 mucronibus
721 939 750 987 in
763 955 793 990 se

135 1007 283 1059 Destrictis
294 1023 383 1070 ruere,
395 1014 477 1076 atque
490 1007 560 1059 ltala
570 1006 709 1074 depellere
718 1013 809 1059 terra:

77 1077 127 1128 165
140 1078 289 1146 Omnisque
307 1093 323 1128 a
340 1079 453 1141 Cannis,
475 1075 714 1196 Thrasymeniique
735 1080 825 1129 omnis
845 1078 875 1127 ab

613 1162 649 1196 un
669 1161 693 1196 rs

135 1217 166 1267 ln
178 1224 291 1284 pontum
302 1217 444 1284 impellens
456 1216 614 1267 umbrarum
626 1217 767 1267 exercitus
777 1218 842 1268 ibat.

135 1287 206 1351 lpse,
218 1286 311 1352 iugum
322 1288 442 1350 capiens,
455 1292 535 1337 notas
548 1286 664 1337 eradere
676 1285 711 1335 ad
721 1286 804 1352 Alpes

135 1354 301 1415 Quaerebat,
312 1360 457 1420 terraeque
467 1355 537 1406 ulnis
550 1355 690 1421 amplexus
702 1357 827 1423 utrisque

133 1422 276 1473 Haerebat
286 1421 399 1473 Latiae:
411 1423 500 1474 donec
511 1428 551 1474 ris
563 1440 646 1475 saeva
658 1423 798 1490 profirudo

73 1492 123 1541 llo
137 1491 284 1554 Truderet,
295 1497 324 1543 et
333 1492 436 1558 rapidis
449 1493 528 1544 daret
540 1501 683 1561 asportare
696 1495 833 1560 procellis.

133 1561 184 1612 llis
195 1576 307 1629 aegrum
319 1563 384 1614 visis
396 1563 506 1624 adeunt,
518 1564 648 1613 mandata
659 1563 791 1628 forentes,
855 1588 857 1594 ¹

132 1630 242 1699 Legati,
254 1633 416 1700 patriaeque
427 1639 552 1683 extrema
562 1633 685 1700 pericula
695 1634 827 1699 pandunt.

132 1701 256 1767 Massyla
266 1709 297 1752 ut
307 1704 412 1753 ruerint
424 1717 508 1764 arura,
520 1709 552 1752 ut
564 1705 670 1753 cervice
683 1710 798 1755 catenas

131 1769 273 1838 Regnator
283 1772 378 1822 tulerit
390 1772 507 1837 Libyae,
518 1771 629 1839 letoque
640 1781 753 1839 negato,

71 1837 121 1886 175
134 1837 265 1891 Servetur
275 1857 347 1892 nova
357 1857 458 1908 pompa
468 1842 539 1891 lori:
553 1840 691 1910 Carthago
703 1842 815 1894 laboret

132 1909 169 1958 Ut
184 1911 284 1974 trepidi
302 1911 481 1961 Hasdrubalis
502 1913 565 1977 (qui
580 1926 671 1961 rerum
694 1914 809 1980 agitarit
830 1913 870 1962 ba·

608 1981 707 2043 bonas)

130 2044 192 2095 Nou
205 2063 259 2097 una
270 2063 404 2098 concussa
415 2047 488 2116 fuga.
518 2048 563 2112 Se,
574 2052 652 2101 triste
664 2050 788 2117 profatu,

131 2113 248 2178 Vidisse,
261 2117 389 2168 arderent
401 2134 462 2167 cunr
473 2119 537 2169 bina
548 2120 575 2169 in
587 2127 669 2170 nocte
681 2121 774 2172 silenti

131 2184 236 2246 Castra,
249 2192 277 2235 et
286 2187 391 2236 luceret
402 2187 543 2239 sceleratis
555 2189 648 2239 Africa
657 2188 785 2242 flammis.

68 2251 120 2303 1⁸0
130 2252 326 2321 Praerapidum
338 2257 462 2306 iuvenem
474 2259 603 2320 minitari,
614 2259 726 2310 Bruttia
737 2269 830 2313 servet

131 2320 229 2374 Litora
241 2324 304 2373 dum
315 2324 434 2386 Poenus,
446 2326 634 2377 detracturum
646 2329 756 2395 ignibus
770 2334 846 2393 atris,

129 2392 160 2442 ln
173 2409 253 2459 quam
266 2408 294 2444 se
305 2392 417 2455 referat,
430 2398 555 2460 patriam,
568 2413 671 2464 suaque
682 2400 779 2451 inclita
790 2401 870 2451 facta.

121 2461 205 2516 Haec
215 2469 364 2534 postquam
376 2463 458 2527 dicta,
470 2472 500 2515 et
512 2474 713 2533 casuspatuere
719 2477 870 2538 metusque,

112 2533 280 2589 Efflrnrlunt
296 2537 445 2601 lacrimas,
461 2534 641 2602 dextramque
650 2544 684 2585 ut
694 2555 796 2590 nornen
808 2541 870 2591 arlo·

623 2610 699 2653 rant,

22 2668 84 2724 185
95 2677 233 2735 Audlvlt
245 2687 339 2737 torvo
353 2680 465 2735 obtutu
480 2677 744 2733 deb1u5,ebffi‘ssffi
