1920 2962
147 162 398 216 PUN1.00RUM
425 164 509 217 Llss.
532 167 566 218 X.
642 169 725 223 ,att
782 176 786 199 ‘

40 298 65 335 re
76 283 201 348 Libycos
211 286 300 335 renuit
310 284 413 349 stenes,
423 286 473 337 sub
485 287 603 355 Regibus
615 289 680 341 elim

40 368 75 403 na
87 351 148 403 fuit
177 351 327 416 Sedenim,
338 355 435 406 solium
446 357 589 424 indignata
600 357 724 425 Superbi,

40 428 147 490 sceptra
156 424 257 490 exegit,
269 422 412 475 confestim
422 426 545 492 ingentia
553 427 626 477 bella

39 491 311 544 sinan-enereduma.
341 491 371 544 Si
380 493 504 545 Porsena
513 493 597 546 fando

40 561 104 612 litus
113 562 172 624 tibi,
183 562 206 612 si
218 561 323 625 Coeles,
333 563 356 613 i
367 562 459 628 Lydia
470 570 569 615 eastra.
736 563 787 617 485

40 666 46 692 ,
59 645 111 697 ope
123 632 252 682 Maeonia
262 637 291 681 et
300 632 402 698 populo
413 634 568 684 succinctus
582 634 709 695 Etrusca,

40 700 121 750 tabat
131 700 223 767 pulsas
235 715 284 765 per
293 701 366 751 bella
375 715 509 767 reponere
520 703 618 777 Reges.

40 768 341 837 ltaadeonequidquum
349 771 422 821 ausi:
434 773 588 838 pressitque
594 777 728 837 mannus

40 838 139 891 iculum
153 838 322 890 incumbens.
357 838 409 889 Ubi
425 853 505 958 moff'
521 842 655 907 iampeae
666 838 728 908 pra-¹

485 915 539 972 ata,

40 990 184 1044 npressere
204 975 282 1039 odia,
298 981 327 1027 et
341 977 461 1043 positum
476 994 537 1029 eum
549 977 661 1030 foedere
672 979 728 1031 bel·

466 1047 531 1110 lum,
737 1049 789 1100 400

40 1114 192 1180 ridibusque
203 1113 337 1165 obstrieta
348 1115 425 1178 tides,
436 1131 629 1167 mansuescere
640 1118 726 1168 eorda
783 1113 791 1121 “

40 1185 101 1244 teia,
112 1196 163 1248 pro
176 1180 286 1248 Superi!
299 1188 328 1233 et
336 1183 374 1232 nil
384 1198 439 1234 nan
450 1185 554 1234 immite
565 1190 664 1250 parata

40 1270 65 1304 rs
77 1251 179 1302 italum
193 1265 243 1316 pro
254 1250 334 1303 laude
345 1253 415 1319 pati.
426 1253 474 1304 Bis
486 1253 589 1304 Glaeba
598 1268 680 1305 senos

40 1322 119 1373 udum
132 1320 285 1386 compleret
296 1323 427 1388 primaevi
438 1324 562 1390 corpur-is
573 1338 668 1386 annos,

40 1408 48 1442 t
60 1389 211 1457 puellarum
223 1390 407 1454 Laurentum,
418 1401 446 1443 et
456 1393 572 1460 pignora
581 1393 657 1460 pacis
738 1393 789 1445 49⁵

40 1477 63 1512 er
73 1460 209 1526 virgineas
220 1461 277 1528 regi
288 1463 448 1514 transmissa
458 1469 595 1513 catervas:

42 1536 89 1581 eta
97 1530 185 1580 virum
195 1529 274 1593 sileo)
281 1545 346 1598 rege
357 1529 436 1593 haec,
442 1537 470 1582 et
479 1531 601 1593 foedere,
608 1537 636 1581 et
643 1534 729 1593 annis,

40 1599 119 1650 ilario
132 1600 239 1665 spretis,
250 1601 394 1652 mirantem
404 1602 531 1651 interrita
541 1598 676 1665 Thybrim

40 1670 132 1731 mavit,
144 1667 273 1736 frangens
284 1670 385 1720 undam
396 1670 545 1736 puerilibus
556 1668 634 1720 ulnis.

49 1740 73 1790 si
82 1743 217 1789 mutasset
227 1753 322 1790 sexum
332 1738 447 1799 Natura,
458 1738 560 1788 reverti
739 1737 791 1789 50⁰

40 1823 96 1859 san
107 1805 267 1874 Tyrrhenas
277 1807 328 1858 tibi
337 1822 392 1857 nen
402 1806 526 1856 licuisset
535 1807 563 1855 in
575 1818 647 1867 oras,

40 1892 120 1929 uena.
143 1874 198 1930 seu
208 1877 351 1938 invenisne
363 1877 414 1926 sim
428 1875 481 1945 tibi
490 1871 679 1941 longiorlhine
688 1881 730 1927 est
764 1879 766 1884 ’

40 1944 696 2082 ititti‘liitstttttiltillisit·

40 2103 42 2116 ·
53 2086 173 2137 subitum
184 2086 302 2151 erumpit
312 2084 424 2135 elamor.
449 2084 591 2135 Permixta
600 2086 678 2135 ruina
739 2083 790 2135 505

40 2170 64 2207 u·
74 2161 103 2206 et
113 2169 191 2205 mma
200 2156 326 2205 virumet
335 2154 459 2205 lacerata
470 2153 613 2219 cadavera,
625 2154 711 2205 Paulli

40 2231 127 2276 terant
138 2238 238 2290 eorpus
248 2223 340 2282 media
350 2222 385 2274 (le
396 2229 489 2292 strage
498 2225 644 2275 iacentum.

40 2311 52 2346 r
65 2295 125 2362 quls
134 2291 206 2345 erat!
220 2307 300 2360 quam
308 2308 362 2344 nan
369 2293 464 2345 similis
470 2293 552 2344 mode
558 2293 735 2359 Punieatelis

39 2366 104 2415 nina
112 2361 247 2414 turbanti!
264 2362 307 2413 vel
319 2377 380 2413 eum
392 2363 539 2414 Taulantia
550 2376 636 2430 regna
733 2362 736 2366 ’

40 2435 90 2496 tit,
103 2437 131 2484 et
142 2433 252 2497 Illyrica
263 2437 326 2483 sunt
337 2432 431 2483 addita
441 2431 530 2483 vinela
539 2429 672 2496 tyranno!
740 2426 792 2480 510

41 2517 107 2554 vere
118 2503 233 2554 canities
244 2507 314 2564 atra,
327 2502 469 2567 arentique
479 2514 577 2551 eruore

40 2572 140 2624 ualebat
148 2571 244 2634 barba,
257 2577 285 2622 et
295 2569 429 2639 perfracti
438 2569 551 2622 turbine
562 2569 666 2622 uentus

40 2643 100 2690 ralu's
107 2641 177 2701 sani,
189 2646 247 2692 tum
259 2646 321 2696 toto
334 2658 461 2713 corpore
471 2643 588 2697 vulnus.

40 2713 214 2774 epostquam
226 2716 342 2781 aspexit
354 2718 533 2788 geminatus
547 2712 663 2788 guarine
673 2708 787 2759 auem
865 2736 870 2745 -
