1920 2962
144 186 197 241 25²
337 184 366 233 G.
395 178 500 233 SlLll
527 178 696 231 li'ahlcl
753 204 757 213 ·

144 303 330 373 Spectandum
342 316 403 353 sese
414 314 469 352 non
480 313 565 367 parva
576 304 670 367 strage
679 301 799 352 morum

142 376 270 436 Fecerat,
280 378 310 423 et
320 372 435 422 dextrae
446 369 580 438 gliscebat
591 367 723 421 caedibus
735 370 822 422 ardor.
834 384 839 395 ‘

143 443 272 506 Advolat,
288 447 429 492 aeternum
442 452 555 506 sperans
566 436 641 499 fore,
653 437 769 504 pelleret
778 439 863 490 llcstu

144 512 173 564 Si
184 518 290 564 tantam
300 511 399 572 labem,
406 524 445 559 ac
455 506 587 574 perlibrat
596 506 699 559 viribus
711 506 825 560 hastam.

82 582 134 633 405
145 582 216 634 Risit
225 582 297 632 nube
309 580 407 631 sedens
417 579 481 629 rani
492 577 637 628 conamina
648 578 752 645 coepti,

144 653 181 703 Et
190 653 275 702 telum
287 648 383 719 procul
393 649 421 698 in
431 653 528 697 ventos
540 645 643 696 (limisit
653 646 761 713 Apollo.

142 723 181 772 Ac
197 735 280 788 super
295 717 349 769 his:
372 715 505 777 Nimium,
519 716 640 777 iuvenis,
661 716 826 835 ngrniumque
838 728 863 764 sn

396 818 400 827 -
619 798 698 851 perr

144 857 263 926 Sparata
274 857 396 909 hausisti.
427 853 513 906 Sacer
523 853 577 916 bic,
589 867 622 903 ac
632 865 861 922 magnasororum

142 928 276 979 Aonidum
289 941 356 976 cura
367 931 417 987 est,
429 930 458 975 st
469 924 567 995 dignus
577 922 702 989 Apolline
714 928 802 975 vates.

80 996 132 1048 410
144 996 198 1047 llic
210 1001 291 1045 canet
300 994 400 1044 illustri
413 994 515 1058 primus
524 992 596 1042 bella
608 992 679 1043 ltala
687 1007 781 1054 versu,

141 1064 308 1131 attollatque
319 1063 403 1113 rluces
416 1061 507 1126 coelo,
518 1076 651 1113 resonare
662 1062 777 1113 docebit

141 1135 196 1186 Hic
207 1134 296 1185 Latiis
307 1132 444 1184 Helicona
454 1130 552 1193 modis,
564 1145 615 1181 nec
626 1131 708 1183 cedet
718 1129 823 1183 honore

141 1206 261 1256 Ascraeo
271 1203 380 1254 famave
392 1203 458 1254 seni.
487 1199 533 1252 Sic
544 1199 682 1263 Phoebus,
694 1206 723 1253 et
734 1200 825 1252 Hosto

141 1273 229 1324 Ultrix
241 1286 291 1338 per
302 1273 438 1337 geminum
449 1271 614 1321 transcurrit
622 1276 733 1337 tempus
743 1270 852 1322 amando.

80 1341 131 1391 415
143 1341 297 1393 Vescuntur
306 1341 412 1390 iuvenis
425 1355 491 1389 casu
502 1339 628 1404 perculsa
637 1352 689 1407 par
699 1354 784 1409 agros

141 1410 264 1478 Agmina,
275 1413 304 1458 ct
314 1398 418 1458 ell'u'sae
429 1409 533 1474 pariter
544 1408 612 1461 dant
623 1414 703 1478 terga
715 1415 849 1462 catervae.

112 1511 114 1515 ψ
142 1480 213 1529 Tum
224 1484 313 1544 pater,
325 1477 420 1528 audita
430 1479 489 1527 nati
500 1493 577 1541 nece,
589 1479 715 1531 turbidus
722 1481 795 1543 irae,

141 1547 320 1599 Barbaricum
333 1552 415 1615 atque
425 1549 543 1598 immane
553 1563 680 1667 gamans,
690 1550 863 1618 transfigitur

639 1618 711 1668 elam

142 1686 252 1750 Pectus,
266 1693 294 1737 ct
305 1687 339 1737 ad
351 1700 445 1738 manes
454 1693 536 1754 urget
547 1687 663 1755 vestigia
672 1690 740 1738 nati.

80 1757 131 1806 420
143 1758 177 1807 nt
188 1757 297 1824 Libyae
308 1758 416 1819 ductor,
427 1756 560 1807 Marcello
570 1755 684 1819 fractus,
697 1764 727 1808 ct
739 1760 798 1809 acri

142 1827 279 1878 contusus
291 1842 390 1895 pugno,
403 1841 515 1892 campos
528 1825 680 1887 damnarat,
693 1833 722 1877 ct
734 1842 812 1877 arma

142 1896 273 1947 Verterat
284 1897 319 1946 ad
330 1898 444 1947 miseras
456 1911 510 1946 non
521 1896 601 1962 aequi
611 1895 709 1946 Martis
721 1899 844 1948 Acerras.

141 1963 216 2026 lnde,
228 1965 274 2014 ubi
286 1967 409 2030 permisit
420 1965 535 2015 llammis
547 1970 629 2030 atque
641 1966 753 2017 ensibus
764 1967 863 2025 urbem,

144 2030 292 2095 Nuceriae,
304 2031 387 2082 nihilo
399 2033 484 2084 levior
494 2049 545 2084 nec
556 2035 666 2100 parcior
674 2036 727 2097 ira,

81 2102 132 2151 425
144 2102 261 2151 lncussit
271 2116 348 2164 sese,
361 2108 442 2169 atque
455 2105 581 2170 aequavit
591 2106 701 2155 moenis
711 2110 815 2158 terrae.

142 2171 210 2220 Post
220 2170 340 2222 Casilina
354 2171 418 2235 sibi,
429 2173 543 2223 multum
560 2173 715 2224 obluctatus
726 2176 826 2242 iniquis

141 2237 345 2290 Defendentum
357 2243 447 2302 armis,
460 2256 542 2309 aegre
553 2249 727 2294 reseraverat
738 2251 802 2296 astu

141 2309 258 2371 Limina,
270 2314 298 2359 et
308 2309 427 2359 obsessis
440 2311 524 2360 vitam
538 2319 702 2377 pensaverat
715 2328 794 2364 auro.

140 2380 260 2446 lamque,
271 2381 298 2429 in
304 2378 462 2430 Dauniacos
472 2378 639 2445 perfundens
645 2384 863 2452 agminacampcr

77 2447 129 2497 43⁰
139 2449 285 2500 Flectcbat
296 2449 409 2511 rabiem,
422 2463 475 2516 quo
487 2451 592 2516 pracda
603 2448 644 2501 vel
657 2451 699 2502 ira
710 2457 848 2504 vocasset

137 2517 275 2568 Fumabat
285 2521 371 2570 versis
382 2521 495 2570 incensa
504 2519 604 2572 Petilia
613 2523 705 2584 tectis,

126 2585 233 2639 Infelix
243 2588 324 2655 fidei,
336 2591 512 2659 miseraeque
522 2591 647 2642 0000000
652 2589 792 2656 Sagunto,

113 2659 157 2712 At
172 2661 326 2731 quondam
340 2663 522 2718 Herculeam
538 2672 660 2774 seraserat
669 2658 792 2772 aigeina
802 2656 863 2722 000

659 2739 673 2772 l
725 2759 733 2771 .
