1920 2962
148 187 201 240 146
346 188 373 238 G.
403 185 506 239 siml
536 185 703 237 l'l'ALlCl

150 308 279 374 Belligeni
291 308 373 368 ritus,
384 307 493 357 taurino
503 306 630 359 membra
638 305 753 357 iacebat

151 375 270 428 Effultus
280 385 375 444 tergo,
387 380 416 425 et
425 375 563 428 mulcebat
573 376 664 426 tristia
673 390 786 428 somno.

152 445 236 497 Haud
248 445 344 513 procul
355 443 436 497 haste
445 445 497 497 riri
506 452 598 496 terrae
608 443 701 495 delixa
710 446 876 513 propinqua·

94 514 145 567 295
156 515 289 566 atinae
300 529 406 566 summa
415 515 552 580 pendebat
562 512 675 579 cuspide
686 514 791 567 cassis:

132 634 135 641 ,
154 585 188 635 At
199 583 301 652 clipeus
312 585 395 645 circa,
405 582 554 652 loricaque,
567 588 596 634 et
606 583 692 644 ensis,
702 587 734 634 et
744 598 840 648 arcus,

154 654 192 705 lit
200 653 285 705 telum
295 652 413 715 Baliare,
426 653 505 704 simul
514 652 612 704 tellure
624 651 782 718 quiescunt.
797 686 802 695 ·

155 725 236 774 iuxta
245 722 431 784 lectamanus‚
442 724 555 774 iuvenes
564 723 593 772 in
601 720 693 771 Marte
701 721 836 841 Xfflbssfli

154 793 192 844 Et
201 793 311 859 sonipes
323 796 411 843 strate
423 792 556 860 carpebat
565 790 691 858 maurina
721 803 799 843 creo.

95 861 145 912 300
156 863 193 915 Ut
203 862 333 929 pepulere
343 860 432 912 levem
441 861 569 913 intrantis
579 859 697 926 vestigio
706 873 847 924 somnum,

155 929 245 982 Heusi
265 929 362 996 inquit,
374 931 544 998 (pariterque
555 943 652 979 manus
662 927 697 979 ad
709 928 770 980 tela
778 928 876 981 feratu

157 1001 234 1061 Quae
245 1003 274 1050 te
288 1012 355 1049 cura
364 999 430 1065 vigil
440 998 554 1061 fessum,
565 1011 705 1066 germane,
717 996 771 1049 fati
792 996 840 1051 ati

155 1069 195 1119 Ac
203 1068 259 1119 inm
271 1067 446 1131 constiterat,
457 1068 603 1135 sociosque
612 1067 641 1117 in
652 1067 760 1133 cespite

157 1139 270 1189 incussa
279 1144 393 1188 revocat
403 1143 558 1189 castrorum
568 1135 604 1186 ad
614 1150 731 1187 munera
741 1136 846 1203 planta.

97 1207 147 1256 305
160 1208 227 1258 Cum
239 1206 347 1272 Libyae
358 1206 470 1259 ductor:
488 1206 591 1259 Fabius
601 1220 645 1257 me
656 1205 787 1257 nectibus
800 1204 876 1274 aegri

157 1276 188 1325 ln
201 1289 281 1326 curas
290 1275 392 1327 Fabiae
401 1292 452 1328 aas
464 1278 580 1327 excitat:
597 1274 645 1327 illa
653 1280 796 1339 senectus,

156 1342 231 1393 Heni
251 1342 317 1393 fatis
329 1359 399 1410 quae
409 1345 469 1396 sola
479 1346 548 1396 meis
558 1342 732 1396 currentibus
743 1345 847 1398 obstat.

158 1412 260 1474 Cernis,
272 1417 304 1461 ut
314 1418 420 1464 armata
432 1413 651 1466 circumfundare
662 1429 778 1478 corona,

156 1480 193 1531 Et
202 1481 287 1532 vniiet
296 1481 390 1533 clauso
402 1482 533 1535 collectos
544 1484 660 1535 milesia
672 1484 750 1535 orbe.

96 1550 147 1599 310
156 1550 275 1614 Verum,
292 1565 357 1619 nge,
373 1555 462 1615 (nunc
473 1555 602 1621 queniam
613 1567 659 1605 res
675 1556 772 1618 artae)
787 1552 876 1622 percip

652 1636 728 1686 erro,

159 1689 236 1751 Quae
245 1689 379 1742 meditata
388 1689 461 1742 mihi.
490 1692 579 1744 Latos
590 1637 721 1759 cogeptu
731 1707 782 1759 per
795 1706 872 1761 agree

156 1760 287 1811 Armenta
298 1767 407 1812 assueto
419 1761 484 1812 belli
495 1761 529 1813 de
540 1776 616 1813 more
627 1768 790 1829 aequantur.

158 1829 291 1882 Cornibus
302 1836 409 1882 arentes
421 1831 526 1882 edicam
537 1833 678 1883 innectere
689 1846 795 1894 ramos,

157 1896 346 1966 Seu-mentique
357 1899 430 1951 leves
438 1899 524 1951 fronti
534 1901 651 1969 religare
662 1902 814 1968 maniplos:

96 1965 146 2015 315
158 1966 290 2017 Admotus
301 1981 363 2016 cum
373 1966 510 2020 fervorem
520 1970 681 2036 disperserit
689 1971 772 2038 ignis,

156 2037 192 2085 Ut
203 2036 305 2099 passim
316 2035 454 2087 exsultent
463 2038 619 2090 stimulante
631 2039 729 2091 dolore
740 2040 857 2103 iuvenci,

157 2105 194 2153 Et
204 2118 276 2169 vaga
287 2117 335 2169 per
348 2105 432 2156 colles
443 2109 550 2159 cervice
559 2109 688 2160 incendia
697 2111 814 2163 iactent.

157 2173 228 2220 Tum
239 2176 345 2223 terrere
356 2189 428 2224 novo
439 2178 561 2244 trepidus
572 2177 676 2229 laxabit
684 2180 796 2247 iniquas

157 2241 256 2290 Custos
267 2242 405 2306 excubias,
413 2247 571 2315 maioraque
583 2254 666 2298 nocte
675 2249 795 2301 timebit

97 2313 146 2364 310
156 2308 185 2360 Si
197 2309 274 2359 corii
286 2312 420 2375 consulta,
432 2315 443 2373 (
449 2330 541 2367 moras
552 2323 678 2369 extrema
687 2322 833 2384 recusant)
847 2342 852 2351 ·

157 2378 345 2446 accingamur,
358 2380 405 2431 ait.
437 2381 552 2437 Gemino
562 2388 684 2439 tentoria
695 2402 795 2455 gressu

157 2449 224 2499 inde
234 2454 338 2516 petunt.
370 2450 468 2518 ingens
480 2454 579 2522 clypeo
591 2458 699 2508 cervice
709 2464 827 2524 reposta

158 2519 233 2568 inter
246 2532 340 2584 equos,
350 2520 476 2589 interque
486 2525 569 2588 vires,
579 2527 705 2593 interque
714 2527 831 2579 iacebat

153 2589 245 2655 capta
256 2603 340 2641 manu
350 2590 442 2660 spolia
450 2598 481 2644 et
487 2596 614 2645 rorantia
622 2594 707 2645 caela
715 2596 862 2659 Marum

77 2659 187 2713 325110
200 2659 307 2724 dirum,
319 2663 462 2717 insomne
476 2662 613 2715 ceuliella
622 2668 793 2725 capesseret,

138 2733 314 2789 Clamorem
326 2744 392 2791 tum
404 2734 485 2788 ferte
498 2731 602 2791 labam
618 2729 805 2791 uestraquet
