1920 2962
144 113 179 161 40
337 110 364 159 G.
393 106 498 159 Slbll
526 107 691 160 ITALIcl

143 230 231 294 Atque
242 228 338 294 opibus
351 226 462 294 perfusa
473 228 551 294 Tagi,
563 241 612 293 per
623 225 728 293 singula
737 225 823 280 laetis

83 298 134 348 405
145 296 260 347 Lustrat
271 312 355 347 ovans
365 296 459 357 oculis,
471 301 500 346 et
510 295 611 361 gaudet
622 295 725 361 origine
736 299 826 364 regni.

144 364 287 417 Condebat
299 367 401 431 primae
409 364 481 414 Dido
494 362 664 430 Carthaginis
678 378 765 425 arces,

142 433 319 500 instabatque
330 435 406 500 operi
417 432 551 484 subducta
562 432 648 482 classe
658 433 795 484 iuventus.

142 502 260 554 Molibus
271 500 299 552 hi
315 503 444 554 claudunt
458 507 567 567 portus:
587 499 629 550 his
644 507 720 552 tecta
730 502 847 573 demusq

143 572 267 633 Partiris,
277 573 365 623 iustae
376 572 450 622 Bitia
460 569 613 621 venerande
624 576 761 622 senectae.

81 643 133 691 410
146 641 294 693 Ostentant
304 646 387 706 caput
397 639 497 690 effossa
508 638 604 688 tellure
621 645 759 705 repertum

143 710 290 761 Bellaton's
301 711 372 776 equi,
384 715 465 775 atque
476 722 555 758 omen
569 708 687 757 clamore
699 709 831 761 salutant.

142 780 203 830 llas
213 780 285 829 inter
295 780 409 845 species,
421 777 546 828 orbatum
557 777 643 827 classe
655 777 774 844 suisque,

143 850 251 899 Aenean
261 849 366 915 pulsum
378 848 485 914 pelago,
497 846 647 912 dextraque
660 852 823 911 precantem

144 920 261 969 Cernere
273 923 341 968 erat.
368 918 471 967 Fronte
482 912 554 963 bunc
565 914 643 964 avide
654 915 750 981 regina
764 930 846 969 seren

81 987 133 1037 415
145 985 251 1045 Infelix,
264 1000 296 1033 ac
306 986 362 1033 iam
372 983 447 1032 uultu
457 982 602 1047 spectabat
612 985 709 1034 amico.

143 1053 215 1103 ilinc
227 1058 255 1102 et
265 1051 436 1117 speluncam,
448 1049 601 1117 furtivaque
611 1050 725 1102 foedera
741 1062 846 1106 amanti

145 1122 279 1172 Callaicae
290 1119 385 1171 fecere
393 1133 500 1168 manus:
520 1119 543 1168 it
553 1119 656 1170 clamor
668 1119 703 1170 ad
714 1136 796 1173 arnas

142 1190 326 1256 Latratusque
339 1203 444 1248 canum,
457 1184 600 1256 subitoque
613 1191 745 1240 exterrita
754 1193 846 1245 nimbo

143 1259 290 1310 Occultant
299 1258 359 1308 alae
370 1263 517 1307 venantum
529 1273 647 1325 corpora
656 1258 737 1309 silvis.

81 1328 133 1377 420
146 1327 203 1378 Nec
215 1325 311 1392 procul
320 1325 475 1376 Aeneadum
487 1341 574 1377 vacuo
585 1329 639 1379 iarn
652 1327 732 1378 litore
744 1328 843 1382 classis

142 1399 267 1462 Aequora
277 1395 458 1461 nequidquam
470 1403 616 1447 revocante
628 1397 740 1463 petebat
751 1397 845 1450 Elissa

141 1466 212 1530 Ipsa,
223 1478 321 1528 pyram
332 1479 413 1530 super
423 1465 561 1531 ingentem
571 1472 655 1527 stans,
668 1466 762 1516 saucia
772 1465 846 1520 Dido

141 1531 292 1583 Mandabat
302 1533 394 1598 Tyriis
404 1534 513 1584 ultricia
523 1535 595 1585 bella
609 1534 720 1584 futuris:

140 1600 340 1668 Ardentemque
351 1617 446 1669 rogum
459 1604 548 1654 media
559 1604 702 1670 spectabat
713 1602 747 1651 ab
759 1604 836 1656 unda

82 1669 133 1718 425
144 1669 329 1732 Dardanus,et
340 1674 444 1738 magnis
456 1673 593 1738 pandebat
605 1671 719 1721 carbasa
730 1669 804 1722 fatis.

140 1739 223 1790 Parte
235 1740 288 1789 alia
298 1741 412 1808 supplex
423 1741 535 1792 infernis
545 1739 682 1790 Hannibal
692 1739 746 1788 aris

141 1809 274 1859 Arcanum
287 1808 385 1879 Stygia
395 1812 462 1861 libat
475 1826 535 1861 cum
546 1815 608 1860 rate
620 1823 755 1869 cruorem,

140 1878 177 1928 nt
188 1880 274 1943 primo
284 1880 356 1930 bella
366 1881 522 1930 Aeneadum
532 1879 641 1928 iurabat
654 1878 688 1928 ab
700 1892 777 1927 aero.

141 1948 175 1996 At
185 1949 276 1996 scnior
288 1946 385 1998 Siculis
396 1947 515 1997 exsultat
526 1945 667 1995 Hamilcar
678 1948 705 1994 in
716 1948 802 1997 arvis:

78 2013 130 2063 430
144 2013 299 2081 Spirantem
310 2015 405 2064 credas
417 2015 569 2062 certamina
580 2011 677 2063 anhela
688 2029 806 2066 movere.

139 2084 227 2134 Ardor
236 2085 308 2133 inest
319 2082 413 2143 oculis,
424 2086 585 2148 torvumque
597 2082 715 2132 minatur
723 2085 824 2152 imago.

140 2151 253 2202 Necnon
264 2155 291 2199 et
301 2150 407 2199 lacrum
420 2149 498 2216 clipei
509 2151 580 2200 latus
593 2165 690 2217 aspera
701 2154 784 2220 signis

139 2217 274 2284 implebat
285 2215 422 2282 Spartana
433 2217 544 2270 cohors:
564 2217 634 2271 hanc
647 2221 722 2271 ducit
731 2229 845 2275 ovanten

139 2287 258 2338 Ledaeis
270 2287 380 2336 veniens
392 2289 480 2337 victor
491 2287 663 2357 Xanthippus
675 2291 802 2356 Amyclis.

78 2356 129 2405 435
141 2358 222 2406 iuxta
232 2356 310 2404 triste
322 2354 405 2405 decus
417 2357 518 2420 pendet
528 2359 577 2409 sub
588 2360 705 2427 imagine
719 2375 824 2425 poenae

138 2424 266 2491 Regulus,
280 2428 308 2474 et
319 2423 381 2474 lldci
392 2424 440 2474 dat
451 2440 550 2493 magna
564 2430 689 2494 exempla
700 2427 832 2495 Sagunto.

138 2493 254 2543 Laetior
266 2498 294 2542 at
303 2493 379 2543 circa
387 2493 480 2555 facies,
493 2497 597 2564 agitata
607 2497 725 2547 ferarum

139 2563 253 2628 Agmina
262 2568 371 2625 venatu,
383 2569 411 2615 et
423 2565 529 2615 caelata
540 2565 657 2630 mapalia
666 2565 779 2632 fulgent.

137 2629 194 2681 Nec
207 2631 303 2697 procul
313 2637 376 2683 usta
388 2639 478 2685 cutem
489 2635 558 2701 nigri
570 2649 649 2685 soror
660 2633 772 2685 horrida
782 2634 802 2686 b'
