1920 2962
132 162 182 213 111
335 153 689 221 comminanter
860 35 942 303 ψ

132 279 260 332 1111111111
272 279 365 344 Tyriis
376 275 429 327 hue
441 291 484 328 me
496 275 599 326 duxere
609 273 760 325 volentem.

133 349 161 401 Si
172 349 221 399 tibi
231 362 285 397 non
297 362 393 414 segnes
403 351 453 397 tua
464 349 562 397 eontra
569 342 685 395 fulmina
695 358 780 411 saepe

74 419 123 470 145
135 420 194 471 Visi
205 424 279 468 stare
291 430 391 477 eunius,
403 414 512 483 dignum
523 419 560 475 te,
572 418 637 463 nate
648 414 795 475 Tonantis,

133 487 278 539 afferimus
290 485 422 535 dextram.
449 482 507 534 Nee
517 496 567 533 nos
578 487 627 533 aut
637 496 710 533 rana
719 480 827 549 subegit
934 512 938 557 p

132 559 258 608 Incertae
270 555 367 604 mentis
378 554 483 615 levitas,
495 558 523 604 et
534 551 634 604 mobile
645 556 759 617 pentum
934 578 938 599 ι

134 628 186 676 dut
197 640 259 691 spes
272 630 300 674 et
309 622 376 687 laeti
386 628 523 674 sectamur
533 621 657 688 praemia
667 621 776 673 Martis.
933 612 938 688 .'

133 694 280 745 Perfidiam
291 690 367 759 fugio
379 698 406 742 et
418 693 554 757 periuram
563 690 597 743 ab
610 690 717 758 origine
726 696 842 759 gentem.
931 698 939 739 i

76 764 125 814 150
137 764 189 826 Tu,
200 762 309 830 quando
320 761 463 812 Herculeis
474 760 558 812 finisti
569 759 676 828 proelia
686 760 778 821 metis,
932 741 940 871 ⁴

135 831 214 883 Nune
225 832 312 897 ipsam
323 831 387 882 belli
398 830 540 881 nobiscum
550 829 649 880 invade
660 834 812 896 parentem.

136 901 184 953 llle
194 901 252 961 tibi,
265 902 310 967 qui
320 902 374 951 iam
386 901 494 967 gemino
506 899 658 950 Laurentia
668 899 758 949 lustro
936 902 939 909 '

136 969 265 1021 Possedit
275 984 369 1036 regna,
382 976 410 1020 et
421 969 510 1020 scalas
523 968 557 1019 ad
568 969 678 1020 moenia
689 968 796 1019 Romae

135 1039 277 1101 Admovet,
288 1040 315 1089 in
323 1038 442 1104 Libyam
453 1036 569 1089 dammis
580 1038 709 1105 ferroque
715 1034 865 1090 trahendus
954 1052 956 1060 ¹

75 1109 126 1160 151
138 1108 182 1160 Sic
194 1107 347 1160 Nomadum
360 1108 466 1159 ductor.
496 1109 576 1159 Tune
591 1108 689 1158 dextra
700 1104 796 1175 Scipio
810 1106 865 1157 dex-

609 1181 680 1227 tram

136 1248 290 1314 Amplexus,
305 1245 332 1297 Si
344 1244 458 1314 pulchra
469 1246 519 1297 tibi
527 1246 655 1297 Mavorte
665 1244 785 1309 ridetur,

136 1313 279 1365 Pulchrior
291 1322 333 1365 est
342 1330 410 1382 gens
421 1321 516 1367 nostra
527 1315 590 1366 lide.
615 1316 733 1367 Dimitte
742 1316 865 1383 bilingues
929 1338 933 1375 3

136 1385 178 1433 Ex
189 1384 278 1433 animo
291 1384 390 1434 socios.
419 1384 522 1451 Magna
533 1383 596 1437 hino
607 1390 635 1437 te
646 1387 771 1451 praemla
785 1384 865 1435 clame
914 1380 933 1453 „⁵
947 1390 955 1407 2

135 1453 260 1513 Virtutis,
273 1452 433 1514 Masinissa,
444 1461 569 1505 manent:
586 1455 720 1523 citiusque
731 1454 775 1506 rel
784 1454 864 1513 ands.

76 1521 125 1573 111
138 1523 225 1584 Quam
237 1528 333 1589 gratae
345 1523 445 1585 studio,
456 1525 582 1576 vincetur
592 1522 693 1592 Scipio,
705 1526 812 1577 mentia

135 1593 234 1643 Cetera
246 1606 314 1658 quae
325 1592 351 1642 in
362 1592 481 1658 Libyam
493 1596 600 1662 portari
610 1594 739 1646 incendio
749 1592 849 1652 suades,

135 1661 272 1727 Expediet
282 1666 398 1728 tempus.
428 1662 486 1714 Nee
497 1665 569 1715 enim
579 1671 642 1715 aunt
652 1664 723 1715 talia
732 1680 821 1717 rerum
929 1720 932 1731 Ι

135 1730 197 1780 Non
209 1731 342 1783 meditata
352 1730 431 1795 mihi,
444 1739 472 1783 et
484 1740 602 1785 mentem
615 1732 756 1803 Carthago
768 1733 863 1801 fatigat.
929 1779 933 1795 ,

135 1801 207 1850 Hine
218 1802 309 1851 iuveni
320 1802 392 1852 dona
401 1803 534 1870 insignem
543 1802 678 1854 velamine
690 1805 766 1869 picto
930 1800 933 1806 ’

77 1867 193 1919 1611111
206 1868 391 1936 chlamydem,
411 1878 580 1940 stratumque
592 1879 669 1924 ostro
684 1876 781 1940 (quem
796 1884 863 1937 oepe-

609 1942 726 1993 retiae

137 2007 253 2057 Deiecto
266 2008 354 2057 vietor
363 2009 492 2076 Magone,
504 2010 639 2078 animique
652 1957 796 2077 prpoborat)

137 2075 330 2141 Cornipedem:
344 2083 409 2141 tum,
421 2095 475 2146 qua
486 2079 583 2130 Dirum
594 2080 700 2131 libabat
710 2081 746 2131 od
757 2094 817 2132 uros

136 2143 306 2206 Hasdrubal,
319 2161 352 2196 ex
364 2163 430 2198 auro
443 2154 580 2214 pateram,
591 2151 755 2218 galeamque
767 2163 863 2202 eonion·
932 2193 935 2199 .

610 2225 674 2270 tem.
787 2225 791 2231 '

928 1542 932 1607 1
949 1542 959 1618 'r

136 2283 216 2344 Exin,
229 2282 337 2332 firmato
350 2284 445 2335 sociali
455 2285 567 2339 foedere
580 2303 609 2339 re
638 2304 661 2350 s,

76 2352 127 2400 1111
139 2352 293 2403 Vertendas
306 2354 455 2420 agitationi
466 2372 537 2406 nune
550 2304 722 2426 cartilaginis
736 2374 821 2412 arem.

134 2422 263 2488 Massylis
274 2430 404 2490 regnator
417 2431 476 2475 erat
487 2425 635 2478 ditissimus
646 2429 712 2490 oris,

130 2489 191 2542 Nee
201 2491 291 2544 nudus
302 2493 412 2557 virtute,
423 2492 550 2562 Syphax:
563 2512 617 2563 quo
626 2499 689 2549 iuro
700 2498 830 2564 petebant

121 2563 296 2617 innumerae
308 2572 419 2635 gentes,
429 2566 821 2630 extremaquelxtone‘letbyn.

111 2635 151 2689 Μ
152 2637 215 2690 ulta
228 2637 292 2690 viro
307 2644 399 2701 terra,
412 2654 445 2690 ae
458 2637 586 2703 sonipes,
594 2631 824 2691 etbffiwm

36 2703 94 2758 175
106 2708 286 2777 Bellorum,
302 2726 358 2764 nee
372 2725 437 2762 non
443 2707 539 2763 Marti
551 2698 815 2754 deleemmrentuo-
