1920 2962
223 131 483 186 PUNlCORUM-
499 131 580 185 LlB.
608 133 656 184 lll.
774 136 808 187 5³

71 255 214 320 Belligeris
224 254 253 303 in
264 267 332 320 pace
342 253 420 302 mori.
451 252 568 303 Tremor
578 254 699 320 implicet
710 260 797 304 artus:

71 318 435 391 Neequenquamhorresco,
449 323 494 388 qui
501 322 586 372 setibi
592 322 717 374 conterat
727 339 803 374 unus.
816 321 866 372 125

72 393 128 445 Sed
138 399 178 454 tu,
188 391 321 441 bellorum
333 391 449 459 genitor,
459 393 598 452 miserere,
610 391 739 460 nefasque

72 466 182 522 Averte,
193 466 221 510 et
232 474 311 510 serva
322 465 404 525 caput
413 460 567 510 inviolabile
578 461 700 512 Teucris.

71 534 184 598 lamque
195 528 264 579 adeo
276 529 380 595 egressi
390 534 524 581 steterant
532 531 561 579 in
570 529 650 579 litore
661 531 758 595 primo,

71 603 111 652 Et
120 603 248 667 promota
257 597 334 659 ratis,
344 597 525 663 pendentibus
535 597 632 648 arbore
644 600 741 660 nautis,

72 669 194 736 Aptabat
205 667 304 718 sensim
315 665 434 732 pulsanti
446 666 562 718 carbasa
571 672 653 718 vento
664 686 671 732 ;
822 666 870 715 130

74 741 152 799 Cum,
161 737 246 787 lenire
257 741 346 786 metus
356 750 516 801 properans,
528 751 692 803 aegramque
702 736 794 787 levare

72 807 203 860 Attonitis
214 811 334 855 mentem
346 806 427 865 curis,
439 806 478 855 sic
488 805 627 855 Hannibal
638 820 729 855 orsus:

74 876 216 930 Ominibus
228 889 312 941 parce
323 879 351 923 et
361 872 493 935 lacrimis,
504 873 635 923 fidissima
645 875 752 924 coniux.

73 948 112 997 Et
122 960 190 1012 pace
203 949 231 995 et
241 943 313 994 bello
325 944 430 992 eunctis
440 947 496 992 stet
505 945 636 993 terminus
648 945 716 1005 aevi,

73 1017 289 1080 Extremumque
300 1011 371 1062 diem
383 1012 484 1077 primus
495 1012 572 1062 tu1it=
592 1013 633 1063 ire
644 1028 692 1078 per
704 1027 753 1062 ora
823 1011 872 1061 135

72 1080 182 1135 Numen
191 1085 219 1132 in
230 1087 371 1132 aeternum
382 1082 476 1147 paucis
487 1096 564 1131 mens
574 1082 656 1148 ignea
665 1082 759 1143 donat,

74 1155 151 1215 Quos
161 1156 242 1219 pater
252 1148 387 1201 aethereis
399 1150 548 1201 coelestum
560 1149 680 1200 destinat
692 1151 755 1200 cris.

74 1225 116 1272 An
126 1221 250 1271 Romana
258 1221 330 1286 iuga,
342 1224 370 1269 et
379 1217 494 1269 taurulus
507 1217 678 1285 Carthaginis
689 1233 767 1268 arces

74 1288 237 1356 Perpetiarl
249 1286 645 1354 Stimulantmanes‚noctisque
652 1287 814 1354 perumbras

73 1358 370 1425 lncrepitansgenitcr:
382 1362 457 1408 stant
462 1373 527 1408 arse
532 1355 730 1425 etquehorrida
735 1371 814 1406 sacra
825 1356 874 1404 illl

73 1432 144 1480 Ante
156 1427 259 1489 ocules,
269 1427 442 1493 brevitasque
453 1432 530 1477 vetat
539 1426 677 1477 mutabilis
690 1424 774 1475 herae

73 1498 220 1550 Proletare
231 1497 311 1546 diem.
341 1493 502 1556 Sedeamne,
514 1502 544 1546 ut
554 1497 661 1546 noverit
670 1510 724 1545 une

72 1568 121 1619 Me
132 1572 238 1616 tantum
250 1562 405 1632 Carthagnl
424 1570 460 1627 et,
472 1566 517 1631 qui
530 1567 589 1628 sim,
600 1565 705 1615 nesciat
720 1563 806 1613 omnis

75 1637 151 1688 Gens
162 1632 319 1686 hominuml
336 1633 438 1701 letique
457 1640 532 1684 metu
548 1635 651 1736 decorp
667 1633 722 1683 alta
736 1631 816 1682 relin-

566 1718 643 1753 uam.

75 1776 216 1836 Quantum
226 1773 328 1823 etenim
339 1771 442 1822 distant
451 1785 468 1820 a
476 1719 566 1820 morth
578 1771 685 1820 silentia
694 1767 784 1819 vitae'i
826 1767 875 1818 1145

73 1843 134 1895 Nec
145 1849 238 1892 tamen
247 1842 374 1890 incautos
384 1837 496 1888 laudum
507 1835 672 1889 exhorresce
682 1833 801 1899 fureres:

72 1915 112 1964 ut
121 1910 203 1962 nobis
215 1914 258 1959 est
269 1908 336 1958 lucis
348 1905 445 1970 honos,
455 1907 611 1976 gaudetque
622 1912 734 1958 senecta

74 1981 181 2042 Gloria,
193 1994 254 2030 cum
267 1978 349 2046 louge
361 1977 447 2028 titulis
459 1977 612 2028 celebratur
621 1978 649 2028 in
662 1991 738 2029 aevo.

77 2052 120 2101 Te
133 2063 240 2117 quoque
251 2062 277 2098 m
334 2061 351 2096 a
360 2052 471 2098 manent
480 2050 600 2115 suseepti
611 2048 733 2114 praemia
742 2046 817 2097 belli:

72 2119 150 2170 Dent
159 2117 242 2168 mode
254 2131 284 2168 se
317 2117 403 2183 uperi,
414 2114 535 2182 Thybris
545 2116 595 2168 tihi
605 2118 707 2169 serviet
718 2117 813 2176 omnis,
824 2113 874 2163 150

73 2189 230 2254 iliceaeque
243 2200 335 2246 nurus,
346 2190 375 2236 et
386 2185 462 2236 dives
472 2185 618 2237 Dardanus
628 2189 695 2236 euri.

75 2257 202 2323 Dumque
215 2270 248 2306 ea
258 2254 400 2320 permixtis
410 2256 482 2306 inter
492 2271 521 2306 se
532 2254 641 2306 fletibus
653 2260 741 2316 urant,

75 2325 202 2376 Confisus
212 2324 311 2391 pelago
323 2322 396 2373 celsa
407 2323 441 2374 de
453 2339 544 2392 puppe
554 2326 686 2392 magister

77 2396 257 2446 Cunctantem
268 2393 330 2442 ciet.
359 2391 497 2459 Abripitur
507 2393 611 2444 divulsa
622 2395 729 2444 niarito.

76 2464 202 2514 Haerent
212 2462 311 2519 intenti
320 2460 420 2522 vultus,
431 2466 460 2512 et
469 2462 552 2512 litora
563 2466 687 2525 servant;
827 2455 879 2509 155

77 2532 185 2594 Donec,
195 2532 249 2581 iter
259 2529 391 2597 liquidum
401 2529 505 2581 volucri
515 2533 639 2599 rapiente
652 2531 752 2591 cerina,

78 2602 233 2653 Consumsit
242 2601 315 2650 visus
326 2605 440 2665 pontus,
450 2599 586 2670 tellusque
595 2601 719 2651 recessit

77 2671 112 2723 ht
123 2670 233 2722 Poenus
243 2667 308 2720 belli
320 2669 392 2722 curis
403 2675 536 2724 avertere
545 2683 682 2723 eruerem
