1920 2962
219 109 472 163 runreormu
498 110 578 176 um.
608 114 644 164 11.
769 113 803 167 co

62 232 135 285 Nam
142 245 212 299 quae
221 231 284 296 (pro
293 227 391 295 Superi
397 226 618 292 l)Fahiusiubcti
632 232 715 283 Ocius
725 247 803 284 orma

62 303 177 364 Exuite,
188 305 218 350 et
230 304 312 365 capta
321 298 478 348 descendite
489 300 523 348 ab
535 314 599 350 arco
608 298 733 368 Sagunti.

62 375 136 422 Tum
147 369 255 420 delecta
264 382 360 417 manus
372 372 511 417 scutorum
520 369 649 420 incendat
659 384 785 423 acervos·
814 371 864 422 3¹1⁰

64 443 238 504 Utanturque
249 443 336 496 rates,
348 451 381 486 ao
391 440 451 485 toto
463 437 586 487 absistite
597 444 692 503 ponto.

63 511 114 570 Di,
126 506 237 574 procul,
249 521 280 567 o,
291 507 401 566 (merita
409 511 453 555 est
462 521 599 572 nunquam
609 508 632 556 si
641 508 707 558 talia
720 509 803 575 plecti

63 575 217 642 Carthago)
230 571 372 640 prohibete
384 573 476 637 nefas,
492 577 633 642 nostrique
642 576 746 628 solutos

63 645 197 698 Ductoris
208 649 315 694 servate
328 658 431 693 manus.
459 645 496 694 Ut
506 644 603 695 deinde
615 646 729 696 resedit:

64 717 221 784 [Factaque
233 711 374 774 censendi,
386 711 499 762 Patrem
509 713 543 764 de
553 729 643 776 more,
655 721 789 781 potestas:
815 717 864 767 3¹15

63 785 120 836 Hie
130 783 250 834 Hannon
260 780 337 831 reddi
348 795 465 845 propere
478 784 626 833 certamine
637 790 717 849 rapta

11 868 16 874 ·
65 857 162 914 Instat,
174 856 202 902 et
215 855 356 900 auctorem
366 848 461 900 violati
471 849 590 902 foederis
601 851 688 920 addi]

65 925 140 973 Tum
149 935 215 971 vero
227 919 345 979 attoniti,
357 933 408 968 ceu
419 919 521 985 templo
532 921 697 986 irrumperet
708 919 804 984 hostis,

64 990 208 1043 Exsiluere
218 988 324 1050 Patres,
336 987 472 1056 Latioque
483 988 512 1039 id
523 995 643 1058 verteret
654 1005 743 1053 omen,

64 1057 295 1111 OravcreDeum.
322 1059 358 1107 At
369 1062 513 1124 postquam
524 1057 662 1110 discordia
671 1061 756 1111 sensit
814 1058 865 1110 380

65 1131 196 1189 Pectora,
207 1132 235 1177 et
244 1126 342 1176 infidas
354 1127 389 1176 ad
400 1127 518 1178 Martem
529 1142 644 1195 tergere
654 1135 775 1191 mentes3

64 1198 130 1249 Non
141 1196 212 1246 ultra
222 1197 328 1262 patiens
340 1196 440 1246 Fabius
452 1198 557 1247 rexisse
568 1197 700 1259 dolorem,

65 1265 217 1318 Concilium
229 1265 354 1331 exposcit
365 1280 497 1331 propere,
509 1266 688 1334 Patribusque
699 1270 805 1317 vocatis

64 1335 172 1388 Bellum
182 1348 212 1384 se
222 1340 331 1401 gestare
342 1335 402 1385 sinu
413 1350 564 1402 pacemque
575 1334 716 1402 profatus3

66 1404 139 1467 Quid
148 1403 244 1454 sedeat
252 1403 354 1470 legere,
366 1404 499 1471 ambiguis
510 1420 562 1455 neu
574 1404 668 1455 fallere
680 1404 760 1455 dietis
814 1402 864 1452 385

64 1477 199 1541 lmperat3
220 1487 261 1535 ac,
273 1487 355 1523 saevo
366 1479 492 1524 neutrum
502 1480 633 1525 renuente
650 1472 761 1535 Senatu,

67 1546 125 1595 Ceu
137 1541 244 1592 clausas
256 1543 330 1593 acies
342 1544 499 1609 gremioque
512 1542 665 1593 effunderet
676 1559 760 1605 arma,

65 1612 188 1677 Accipite
197 1609 345 1661 infaustum
356 1611 476 1676 Libyae,
489 1618 640 1678 eventuque
651 1613 736 1678 priori

64 1682 130 1743 Par,
141 1681 238 1745 inquit,
249 1680 361 1730 bellum:
382 1687 409 1730 et
417 1681 495 1730 laxos
506 1680 620 1730 clfundit
632 1682 755 1730 amictus.

66 1752 139 1801 Tum
150 1750 254 1815 patrias
266 1749 368 1813 repetit
377 1748 518 1813 pugnandi
526 1750 635 1798 nuntius
648 1764 734 1797 arces.
814 1745 864 1796 39⁰

64 1821 154 1887 Atque
165 1832 200 1867 ca
211 1817 274 1865 dum
286 1813 419 1881 profugae
431 1817 520 1881 regnis
533 1817 669 1881 agitantur
680 1815 794 1874 Elissae,

64 1888 169 1940 Accitis
179 1884 260 1934 velox
270 1882 387 1949 populis,
400 1884 459 1951 quis
469 1897 553 1950 aegra
562 1883 674 1933 lababat

65 1956 200 2024 Ambiguo
212 1952 261 2004 sub
273 1953 364 2002 Marte
375 1952 451 2013 lidos,
462 1952 620 2019 praedaque
631 1958 760 2020 gravatus

65 2026 106 2078 Ad
116 2039 210 2075 muros
221 2023 330 2072 Poenus
342 2027 520 2072 revocaverat
531 2037 608 2072 arma
621 2020 742 2089 Sagunti.

64 2097 140 2147 Ecce
152 2098 244 2143 autem
255 2091 380 2157 clipeum,
392 2105 474 2141 saevo
486 2090 593 2159 fulgore
604 2093 759 2151 micantem,
813 2087 863 2139 395

65 2164 170 2218 Oceani
181 2166 276 2229 gentes
287 2160 394 2210 ductori
406 2160 478 2210 dona
487 2159 621 2222 ferebant,

66 2232 203 2285 Callaicae
215 2230 318 2281 telluris
330 2244 408 2295 opus,
419 2229 580 2296 galeamque
592 2230 713 2280 coruscis

65 2302 216 2353 Subnixam
227 2300 325 2360 cristis,
338 2298 446 2348 vibrant
457 2300 500 2348 eui
512 2300 615 2349 vertice
631 2299 692 2348 coni

66 2371 187 2422 Albentis
198 2369 292 2419 niveae
303 2367 419 2418 tremulo
431 2369 569 2419 nutamine
580 2381 698 2433 pennae3

68 2442 168 2491 Ensem
179 2453 270 2499 unum,
283 2452 315 2486 ae
325 2435 417 2486 multis
427 2435 538 2486 fatalem
549 2436 665 2486 millibus
680 2432 794 2484 hastam.
813 2430 864 2480 400

67 2509 218 2560 Praeterea
227 2511 331 2556 textam
342 2505 420 2555 nodis
432 2520 552 2573 auroque
562 2506 678 2554 trilicem

67 2578 207 2638 Lomoam,
219 2575 285 2626 nulli
294 2576 412 2641 tegimen
424 2575 591 2638 penetrabile
602 2574 666 2624 telo.

67 2649 156 2710 Haeo,
168 2659 232 2697 acre
244 2649 271 2696 ct
281 2643 341 2696 duri
353 2641 480 2711 chalybis
490 2643 624 2714 perlecta
629 2641 764 2697 meusne,
