1920 2962
144 178 196 236 lto
342 180 372 233 0.
401 178 505 233 SlLll
533 180 698 234 l'rnmcl

144 303 183 355 Et
190 302 289 351 metuit
299 300 424 363 demens,
435 300 488 351 olio
500 316 534 351 ne
547 300 664 351 Consule
675 300 769 354 Roma

145 370 286 422 Concidet.
305 370 328 420 Ε
339 370 427 436 Tyrio
439 376 594 420 consortem
605 371 696 420 accire
708 368 833 423 Senatu:

143 439 358 490 Nontamsaeva
368 439 450 489 volet.
461 437 564 500 Nullus,
578 440 623 506 qui
634 438 884 505 portetinlrostem,

145 508 251 560 Sufficit
262 511 357 560 insano
369 508 487 576 sonipes.
506 507 636 559 incedere
649 509 742 560 noctis

84 578 136 629 340
149 581 225 642 Quae
243 578 352 628 tardent
372 592 493 639 cursum,
510 576 638 627 tenebras
649 576 739 628 dolet:
754 579 834 647 itque
844 594 873 631 eu

146 718 265 766 Tantum
277 731 330 765 non
342 716 444 766 strictis
456 644 713 779 mucronipqqqupna
722 716 848 769 retardet

146 785 187 836 Nc
197 800 302 853 pugnas
312 800 403 847 mora,
416 785 479 835 dum
490 786 589 852 vagina
600 783 710 835 ducitur
720 786 804 837 ensis.

145 857 282 923 Tarpeiae
293 869 388 921 rupes,
401 860 573 923 cognataque
581 855 714 921 sanguine
727 856 809 906 nobis

147 926 322 984 'l'ectalovis‚
335 938 457 991 quaeque
464 938 528 973 arce
539 937 590 973 suo
598 925 785 975 nuncstantia
795 924 875 992 linquo

85 993 136 1044 345
147 994 258 1043 Moenia
268 991 354 1043 felicis
365 994 484 1057 patriae,
497 1006 658 1059 quocunque
670 992 784 1044 vocabit

146 1061 257 1113 Summa
268 1061 355 1122 salus,
365 1065 467 1123 testor,
480 1070 573 1127 spreto
591 1061 765 1125 discrimine,
775 1064 873 1113 ituruu.

146 1130 200 1182 Sed
212 1132 234 1182 si
244 1131 327 1182 surda
336 1127 401 1180 mihi
412 1130 570 1198 pugnabunt
581 1133 812 1194 castramonenti,

145 1201 225 1251 Hand
239 1216 290 1268 ego
300 1214 349 1250 vos
361 1198 446 1262 ultra,
458 1200 529 1262 nati,
541 1199 703 1266 dulcemque
720 1200 847 1253 morabor

144 1271 269 1319 Assaraci
280 1270 313 1319 de
324 1273 406 1334 gente
418 1267 541 1332 domum;
553 1268 702 1319 similemve
713 1269 818 1321 ridebit
877 1290 880 1295 ·

84 1337 134 1386 350
147 1337 263 1389 Varroni
274 1336 397 1387 Paullum
408 1335 567 1387 redeuntem
578 1339 673 1388 saucia
681 1337 780 1390 Roma.

145 1404 190 1456 Sic
201 1411 259 1455 tum
270 1405 379 1455 diversa
388 1405 491 1456 turbati
501 1412 592 1457 niente
602 1407 735 1474 petebant

144 1476 241 1525 Castra
252 1474 344 1525 duces.
362 1475 397 1524 llt
407 1474 555 1541 praedictis
565 1477 619 1526 iam
630 1475 743 1528 sederat
754 1481 825 1531 arvis

143 1544 255 1594 Aetolos
267 1544 375 1594 Poenus
388 1560 499 1596 servans
512 1546 546 1596 ad
558 1545 662 1613 proelia
674 1561 796 1615 campus.

142 1612 205 1663 Non
217 1613 283 1664 alias
295 1613 399 1664 maiore
411 1615 512 1677 sirum,
524 1617 629 1666 maiore
641 1615 690 1666 suh
704 1619 788 1669 armis

83 1682 134 1732 355
144 1684 256 1751 Agmine
268 1683 445 1749 cornipedum
458 1699 592 1735 concussa
602 1691 644 1735 est
654 1685 726 1736 ltala
737 1687 825 1739 tellus.

143 1754 249 1820 Quippe
270 1758 392 1804 extrema
414 1753 493 1804 simul
513 1755 642 1821 gentique
664 1755 786 1823 Urbique
805 1758 870 1807 time

614 1822 695 1888 bant3

141 1891 199 1942 Nec
210 1907 272 1957 spes
284 1893 408 1943 certandi
418 1893 478 1959 plus
488 1907 543 1942 uno
554 1893 644 1944 Marte
657 1892 785 1947 dabatur.

140 1961 314 2024 Faunigenae
325 1962 401 2011 socio
413 1962 485 2012 bella
495 1964 620 2013 invasere
634 1960 735 2014 Sicano

142 2026 226 2078 Sacra
236 2042 331 2077 manus
344 2028 449 2091 Rutuli,
460 2037 570 2082 servant
580 2033 625 2099 qui
636 2032 747 2084 Daunia
757 2050 847 2104 regna,

80 2095 131 2146 360
144 2096 328 2163 Laurentique
341 2097 422 2150 domo
435 2101 567 2167 gaudent,
580 2107 608 2152 et
618 2101 694 2152 fonte
706 2101 828 2156 Numici:

143 2161 222 2225 Quosl
238 2164 376 2229 castrum,
401 2167 609 2238 Phrygibusque
628 2173 720 2239 gravis
744 2172 869 2242 quondan

615 2240 705 2291 Ardea
713 2245 799 2307 misit,

143 2303 217 2362 Quos
230 2301 303 2351 celso
316 2303 419 2355 devexa
429 2308 493 2373 ingo
505 2310 620 2361 lurionia
630 2310 710 2361 sedes

141 2371 292 2421 Lanurium
299 2408 306 2434 ,
320 2378 401 2440 atque
415 2374 572 2430 altrixcosti
584 2380 700 2431 Collatia
710 2380 800 2431 Bruti.

141 2442 246 2507 Quique
256 2442 359 2493 immite
370 2458 465 2496 nemus
473 2447 591 2512 Triviam,
603 2450 702 2517 quiquo
715 2446 869 2501 ostia'l'uetl

79 2509 131 2560 365
142 2510 233 2560 Ananis
245 2516 345 2572 amant,
354 2513 500 2582 tepidoque
512 2516 724 2570 forentAlmone
732 2518 869 2585 Cybellen=

132 2579 210 2631 Hinc
223 2580 325 2645 Tibur,
335 2583 445 2647 Catillo,
452 2590 532 2635 tuum
539 2623 547 2646 ,
554 2589 693 2651 sacrisque
702 2587 825 2641 dicatum

122 2650 279 2706 Fortunae
289 2640 548 2722 Praenestcmg'ls,
560 2656 746 2715 antemnaque
751 2657 843 2715 qum

119 2726 295 2782 Crustumio
308 2731 404 2799 prior,
417 2718 669 2793 atquebabilcsad
675 2716 887 2765 cinnamum
