1920 2962
145 190 196 242 sto
346 190 373 238 C.
403 185 506 238 SlLll
536 186 700 238 lTALlGl

145 308 203 360 Nec
214 307 316 359 donum
327 305 451 358 deforme
462 307 522 357 siro
532 304 682 374 fragrantis
693 310 811 373 amomi3

145 376 199 429 Sed
211 376 292 440 dabo,
305 377 350 444 qui
359 382 480 427 vestrum
491 391 573 427 saevo
584 391 656 426 nunc
667 377 760 428 Morte
771 377 865 446 fatigat

143 448 304 515 Imperium,
316 460 447 513 superare
458 460 554 507 uranu,
564 444 728 512 laurumque
738 448 878 514 superbam

87 518 135 565 lto
145 518 177 566 ln
186 518 291 584 gremio
303 516 375 566 lovis
386 516 485 566 excisis
497 514 635 582 deponere
647 513 759 567 Poenis.

146 586 223 648 Quae
234 590 380 653 postquam
391 583 490 635 cecinit
501 588 610 634 secreto
625 588 741 649 pectore
753 585 855 647 Virtus,

143 654 284 721 Exemplis
294 653 396 704 laetum
405 652 534 720 vultuque
546 652 640 703 audite
650 653 817 720 probantem

144 724 285 774 convertit
294 723 427 773 iuvenem.
446 720 585 773 Sedenim
594 721 739 789 indignato
749 724 877 790 Voluptas

143 791 204 842 Non
215 793 304 843 tenuit
313 806 405 843 voces.
434 790 479 842 Nil
490 806 538 843 vos
548 792 604 842 iarn
613 791 744 843 demoror
755 792 835 855 ultra,

83 861 298 913 125Exclamat.
327 861 875 930 Venient,venientmeatemporoquon·

618 930 690 992 dam,
875 942 881 959 ¹

142 1001 209 1050 Cum
221 999 317 1049 docilis
327 1000 429 1050 nostris
439 1014 539 1067 magno
552 1000 703 1050 certamine
715 1000 805 1052 Romo

141 1067 249 1120 Serviet
259 1069 389 1134 imperiis,
404 1074 432 1119 et
442 1067 530 1119 honos
541 1066 607 1118 mihi
617 1066 766 1120 habebitur
777 1071 831 1120 uni.

142 1137 188 1190 Sic
200 1153 333 1205 quassans
345 1146 427 1205 caput
437 1141 465 1190 in
476 1138 561 1188 nubes
574 1153 603 1188 se
615 1138 725 1188 sustulit
735 1145 819 1190 atras.

140 1210 175 1258 At
184 1208 299 1269 iuvenis,
311 1208 406 1274 plenus
417 1209 536 1270 monitis,
547 1208 670 1275 ingentio
683 1208 769 1260 corde

80 1278 132 1330 too
143 1276 267 1338 Molitur‚
277 1277 423 1343 iussaeque
436 1277 507 1328 calet
517 1277 625 1326 virtutis
637 1291 741 1328 amore.
780 1284 784 1291 '

140 1345 233 1395 Ardua
243 1350 334 1394 rostra
345 1345 423 1410 petit,
434 1345 508 1395 nullo
520 1345 581 1396 fere
589 1345 661 1396 bella
671 1346 792 1410 volente,
893 1346 900 1357 “

140 1415 178 1464 Et
187 1414 282 1480 gravia
294 1413 420 1478 ancipitis
431 1413 558 1481 deposcit
568 1430 683 1466 munere
692 1415 801 1469 Martis.

140 1483 245 1533 Arrecti
259 1486 420 1533 cunctorum
431 1484 521 1535 animi.
550 1484 619 1536 Pers
631 1484 734 1536 lumina
744 1485 836 1553 petris,

140 1552 209 1603 Pars
222 1551 338 1602 credunt
346 1558 441 1603 torvos
454 1554 545 1620 patrui
556 1555 726 1606 revirescere
738 1555 834 1606 vultus.

80 1621 130 1672 135
143 1619 197 1673 Sed
209 1637 362 1689 quanquam
373 1623 509 1674 instinctis
521 1625 623 1674 tacitus
634 1629 729 1675 tamen
741 1634 870 1694 oegrepe·

614 1694 688 1744 riclis

138 1762 259 1812 Pectora
270 1761 392 1829 subrepit
403 1767 502 1824 terror,
513 1761 667 1829 molemque
678 1768 812 1830 paventes

139 1832 306 1898 Expendunt
315 1831 393 1894 belli,
413 1837 441 1883 et
450 1837 577 1882 numeret
587 1830 667 1882 favor
679 1834 777 1883 anxius
788 1843 873 1883 annos.

139 1901 266 1967 Dumque
279 1915 312 1951 ea
324 1900 439 1952 confuso
452 1906 596 1968 percenset
607 1916 747 1953 murmure
759 1902 858 1969 vulgus,

139 1969 222 2029 Ecce,
234 1983 284 2034 per
296 1969 433 2036 obliquum
446 1971 515 2021 coeli
526 1971 715 2037 squalentibus
727 1985 795 2023 auro

79 2038 129 2087 llll
139 2037 281 2103 Effulgens
292 2038 414 2101 uinculis,
427 2038 493 2090 ferri
503 2041 576 2090 inter
587 2040 679 2091 nubila
689 2041 765 2092 visus

139 2108 249 2173 Anguis,
261 2112 289 2156 et
301 2107 408 2158 ardenti
419 2109 528 2160 radiare
539 2124 588 2176 per
599 2125 664 2160 aere
675 2111 763 2172 sulco,

140 2177 253 2241 Quoque
266 2175 300 2225 ad
312 2176 434 2228 coelifen'
445 2178 534 2229 tendit
544 2180 625 2247 plaga
634 2179 699 2230 litus
710 2179 834 2238 Atlantis,

137 2244 248 2296 Perlabi
259 2252 406 2296 resonante
417 2247 490 2312 polo.
519 2249 568 2298 Bis
578 2254 675 2315 terque
687 2263 832 2299 coruscum

137 2314 248 2365 Addidit
259 2316 372 2382 augurio
383 2313 485 2366 fulmen
496 2322 584 2382 pater,
595 2323 623 2368 et
633 2332 704 2385 vaga
715 2319 772 2368 late
820 2372 825 2377 ,

77 2383 126 2432 115
138 2384 192 2435 Per
204 2384 322 2435 subitum
334 2391 410 2435 moto
423 2391 564 2453 strepuere
576 2389 701 2437 tonitruo
709 2386 820 2437 mundo.

137 2454 208 2501 Tum
219 2469 285 2504 vero
299 2469 397 2520 capere
410 2471 486 2504 arma
500 2455 609 2519 iubent,
626 2456 797 2524 genibusque
809 2453 874 2506 salu·

612 2530 672 2576 tant

125 2590 270 2645 Submissi
282 2596 444 2664 augurium,
454 2595 563 2655 eoiret,
572 2608 628 2658 qua
635 2593 829 2642 dueeneWmos

116 2665 332 2735 Perspicuum,
347 2671 378 2716 et
386 2666 483 2734 patrio
494 2660 669 2714 monstraret
677 2660 779 2736 senata
785 2659 871 2720 sam„

112 2739 270 2793 Certatim
286 2737 417 2792 comites
427 2723 819 2790 rerumbelbquemmismos
