1920 2962
219 185 474 239 PUNICORUM
501 186 582 238 [ΛΒ.
608 187 696 240 XVll.
783 186 834 240 353

96 309 165 360 (lum
177 306 255 358 stetis
266 318 353 373 prope
363 303 424 355 niel
436 305 509 368 Vidi,
520 308 656 358 certantia
668 307 746 359 coelo

96 379 165 429 Cum
175 376 240 443 iuga
252 374 388 437 calcastis,
400 390 519 426 summas
529 376 645 427 volitare
655 392 705 444 per
714 378 803 444 Alpes.
844 377 896 428 323

97 448 166 498 Cum
176 445 293 508 rideam,
306 459 419 512 quorum
432 443 508 496 ferro
519 445 697 512 manibusque
709 461 824 512 capaces

95 518 194 567 Arsere
206 514 357 581 Argyripae
369 515 467 580 campi,
479 529 542 566 num
553 516 665 582 segnior
674 515 726 566 ibis

95 583 176 636 Nunc
186 580 260 646 mihi,
272 583 316 651 qui
329 582 430 650 pamas
442 591 554 651 torques
564 585 592 634 in
605 586 715 636 moenia
725 583 809 635 telum

95 653 237 716 Dardana,
247 667 299 704 nec
309 657 421 704 nostrae
431 651 519 705 facilis
530 653 682 705 concedere
693 651 784 705 laudii

95 725 138 775 'le
149 735 225 784 uero,
235 727 273 784 te,
284 726 312 773 te
324 722 504 785 exstimulent,
517 724 562 789 qui
572 722 685 774 fulmina
697 730 802 786 contra,
845 722 896 773 325

95 795 133 844 lit
143 792 258 853 nimbos,
270 792 450 858 tonitrusque,
462 807 495 843 ac
507 794 604 844 summi
614 794 729 843 numinis
741 794 796 843 iras

93 865 163 914 Cum
174 867 287 923 starem,
298 859 421 928 perferre
431 861 510 913 ferox
523 877 556 912 ac
567 878 638 914 vana
646 862 761 912 iubebas

94 931 204 993 Nubila,
217 936 245 982 et
255 935 318 981 ante
330 930 427 982 ducem
440 932 575 997 Capitolia
587 932 661 982 celsa
672 928 802 998 petebasl

97 1000 170 1063 Quid
179 1015 238 1062 vos,
250 1004 309 1067 quis
321 999 835 1069 clarodeletumestlllartesaguntum,

96 1067 246 1132 Exhorter,
257 1084 325 1136 quos
335 1069 483 1121 'nobilitant
496 1070 647 1137 primordia
656 1069 737 1122 bellil
844 1065 896 1119 330

94 1141 133 1192 Ut
142 1153 240 1207 meque
251 1144 280 1189 et
290 1138 368 1189 robis
379 1138 498 1207 dignum,
509 1138 657 1201 defendite,
669 1154 780 1207 quaeso,

93 1210 264 1262 Praeteritae
275 1207 389 1259 dextrae
400 1209 504 1261 laudes.
532 1209 632 1260 Divum
643 1209 702 1276 ipse
714 1207 817 1270 lavore,

94 1279 292 1346 vincendoque
305 1291 389 1330 senex
400 1280 517 1346 patriam
530 1285 594 1345 post
603 1280 677 1330 trina
686 1278 824 1330 labantem

93 1348 207 1411 Lustra,
219 1353 248 1400 et
257 1361 312 1399 non
323 1349 397 1400 visos
408 1355 465 1400 tam
477 1349 560 1418 longa
571 1356 662 1402 aetate
676 1355 799 1417 penates,

95 1420 133 1472 Ac
144 1424 248 1482 natum,
261 1425 289 1470 et
299 1418 369 1470 lidae
380 1420 434 1470 iam
446 1421 550 1488 pridem
561 1422 685 1488 coniugis
697 1435 754 1482 ora,
844 1417 895 1470 335

93 1487 219 1540 Confisus
232 1488 318 1551 vobis,
330 1494 436 1555 repeto.
464 1490 526 1541 Non
537 1490 624 1541 altera
633 1496 721 1543 restat

92 1559 153 1609 lam
165 1554 270 1619 Libye3
281 1570 332 1606 nec
343 1557 490 1609 Dardaniis
502 1574 593 1624 pugna
604 1560 692 1610 altera
702 1564 799 1611 restat.

94 1626 224 1674 certatus
236 1622 314 1672 nobis
324 1622 407 1677 hodie
417 1625 555 1675 dominum
568 1629 668 1693 accipit
678 1628 761 1678 orbis.

93 1689 233 1746 Hannibal
244 1687 326 1741 haec:
339 1693 452 1743 sednon
463 1696 835 1761 patiensremorantiarerbu

93 1760 229 1816 Ausonius
240 1760 325 1823 miles,
338 1763 445 1828 quoties
455 1763 510 1815 dux
521 1770 652 1829 coeperat
663 1777 713 1814 ora
843 1764 894 1817 340

91 1832 208 1885 Solvere
220 1830 253 1881 ad
266 1829 375 1896 affatus,
386 1832 492 1900 signum
503 1847 674 1901 pugnamque
684 1833 823 1899 petebant.

92 1903 174 1955 Haec
184 1901 281 1968 procul
292 1903 367 1952 aeria
377 1903 563 1968 speculantem
574 1903 645 1954 nube
657 1918 783 1954 sororem

93 1974 131 2025 Ut
140 1972 209 2024 vidit
219 1972 318 2023 Dirum
330 1973 447 2040 genitor,
459 1978 634 2040 maestosque
645 1974 694 2025 sub
705 1973 764 2024 acri

91 2043 201 2095 ·0btutu
211 2042 310 2104 vultus,
321 2044 361 2094 sic
372 2058 420 2095 ore
434 2042 532 2095 effatus
544 2045 632 2095 amico
645 2049 700 2095 ost:

95 2114 148 2174 Qui
159 2118 187 2162 te
198 2113 296 2164 mentis
308 2112 391 2164 edunt
402 2128 518 2176 morsus,
530 2112 566 2164 da
575 2127 699 2177 noscere,
710 2113 822 2165 coniux:
842 2112 892 2164 345

92 2181 165 2234 Num
176 2182 264 2232 Poeni
274 2196 354 2234 casus
366 2183 452 2247 ducis,
465 2189 494 2235 et
503 2182 676 2252 Carthaginis
686 2184 763 2252 angit

94 2253 167 2304 Cura
175 2251 257 2302 tunel
269 2249 323 2302 Sed
334 2254 405 2304 enim
411 2259 515 2321 reputa
527 2259 616 2305 tecum
627 2255 688 2320 ipsa
698 2253 807 2305 furores

89 2319 230 2373 Sidonios.
263 2321 380 2374 Gentem
392 2329 489 2375 contra
499 2329 527 2377 et
536 2323 632 2376 fatalia
643 2339 729 2391 regna

94 2391 266 2442 Teucrorum
278 2393 337 2458 quis
348 2393 409 2457 erit,
421 2408 532 2461 quaeso,
544 2408 684 2460 germana,
695 2391 790 2444 rebelli

92 2460 201 2512 Fractis
212 2459 369 2513 foederibus
381 2463 483 2530 populo
493 2461 608 2513 modus?
619 2463 683 2530 lpsa
692 2462 826 2517 malorum
841 2462 894 2516 353

91 2527 155 2580 Νοιι
165 2528 226 2596 plus
237 2529 375 2600 Carthago
386 2533 458 2596 tulit,
470 2529 652 2600 exhausitque
660 2531 783 2595 laisaris,

94 2599 180 2659 enam
189 2613 242 2664 pro
255 2601 376 2657 Cadmea
386 2608 419 2657 tu
431 2603 563 2658 exercita
573 2601 777 2672 genecumua.

82 2666 217 2720 'Turiaso'
225 2673 318 2726 maria
330 2690 365 2729 ac
375 2682 484 2744 terras,
494 2677 696 2744 iuuenemque
704 2671 850 2723 leram*

70 2733 194 2788 immisti
202 2737 302 2808 Latio,
313 2746 649 2808 tremueruntmoeula
655 2747 797 2801 eumne.

102 2799 236 2861 Status
257 2813 366 2876 lrsr..
752 2809 808 2860 μ
