1920 2962
149 142 200 193 344
342 139 371 189 C.
400 135 504 189 SlLll
531 133 701 188 lTAlrlcl.

87 262 137 313 210
147 263 194 322 Ac,
206 274 268 310 mea
278 256 387 326 quando
395 254 616 321 ullertLibycurn
625 251 861 323 fortunaperuuds

146 330 306 389 Ductorem,
317 325 400 388 facili,
413 340 482 393 quae
493 324 592 386 dicam,
603 325 716 441 percipe
728 332 828 378 mente.

145 400 251 459 Etrus,
264 398 309 464 qui
320 397 424 463 'l'yriac
436 394 531 462 regitis
542 394 608 444 Cart
627 394 716 461 aginis
728 409 816 457 arces,

147 467 319 528 Hasdrubal,
330 463 383 515 huo
394 479 489 526 aures,
500 461 553 513 buc
564 476 667 529 quaeso
679 463 817 515 advertite
827 478 860 516 ser

620 547 675 583 sus.

149 607 257 668 Quanta
268 618 318 670 per
327 604 461 654 Ausonios
472 602 587 669 populos
600 601 771 653 torrentibus
784 603 860 653 armis

87 675 137 726 21⁵
148 677 310 739 Tempestas
320 678 391 735 ruat,
402 677 431 722 et
440 671 522 722 Latio
534 685 661 737 suprema
671 673 802 734 minetur,

147 745 236 811 thue
247 743 343 794 bibant
352 742 467 807 Tyrium
482 741 524 791 bis
535 741 632 807 quinos
644 755 730 809 saera
740 755 791 807 per
803 755 860 791 aunt

148 811 248 863 Sicana
259 827 331 862 nunc
342 810 431 872 tellus,
442 825 513 860 nunc
523 809 605 860 litora
615 809 724 861 Hibera
735 825 861 872 cruorem,

146 883 195 933 Cui
206 883 311 932 nescire
322 878 405 931 licet‘l
415 879 486 940 Quin
497 893 563 946 ergo
573 879 664 929 tristia
675 879 790 931 tandem

146 951 296 1002 considunt
305 949 386 1011 bella,
397 954 426 999 et
437 948 573 1015 deponitis
585 963 663 999 arma
672 947 819 1000 volentesl

86 1022 135 1071 220
147 1021 190 1070 Το
200 1019 299 1084 Libya,
311 1023 342 1068 tu
351 1024 379 1068 te
390 1018 511 1068 Ausonia
521 1015 650 1068 cohibere
663 1026 815 1070 momento.

146 1088 226 1140 Haud
239 1087 369 1139 deformis
382 1087 434 1137 erit
443 1087 520 1137 vobis
532 1087 566 1137 ad
577 1086 693 1138 foedera
702 1090 792 1139 versis

145 1159 265 1209 Pacator
276 1157 434 1224 mediusque
446 1153 569 1223 Syphax.
598 1154 771 1225 subiungere
783 1156 856 1225 plura

146 1226 206 1277 Non
217 1242 327 1293 passus,
340 1227 429 1294 gentis
442 1240 547 1276 morem
559 1226 757 1294 arbitriumque
771 1225 861 1278 Senatu

145 1295 237 1361 Scipio
249 1296 428 1357 demonstrat,
438 1296 555 1362 vanique
568 1294 702 1346 absistere
715 1298 809 1364 coepti

84 1364 134 1416 225
147 1364 201 1430 Spe
211 1363 300 1425 iubet,
312 1369 340 1413 et
350 1362 448 1414 Patres
460 1363 543 1414 docet
554 1363 623 1415 baec
634 1366 793 1431 expendere
804 1365 861 1417 solor

144 1432 281 1483 Suadendi
293 1430 389 1482 modus
400 1430 457 1482 hic:
470 1433 596 1501 quodque
608 1440 651 1485 est
662 1435 696 1485 dc
708 1442 789 1503 parto
799 1435 849 1487 diei

144 1502 243 1554 Exacti
254 1517 344 1568 super,
357 1501 391 1552 ad
403 1517 511 1553 mensus
523 1509 551 1552 ct
563 1503 662 1569 pocula
672 1512 794 1556 vertunt.

144 1573 239 1639 Atque,
253 1572 338 1638 opulis
345 1577 489 1639 postquam
497 1572 567 1634 finis,
580 1573 861 1640 dautcorporasomnt

144 1643 180 1692 Et
190 1641 259 1692 dura
269 1642 297 1692 in
308 1646 417 1691 noctem
430 1657 555 1692 curarum
566 1643 675 1694 uincula
685 1644 805 1695 solvunt.

84 1710 133 1760 230
149 1712 257 1779 lamque
272 1726 371 1762 novum
383 1712 464 1761 terris
476 1711 601 1776 pariebat
611 1711 704 1764 limine
716 1715 806 1780 pn‘mo

143 1781 294 1850 Egredicns
305 1783 412 1831 Aurora
423 1781 503 1841 diem,
514 1781 682 1848 stabulisque
694 1783 824 1834 subibant

143 1851 182 1900 00
193 1852 258 1918 iuga
268 1851 333 1901 solis
345 1852 416 1918 equi,
428 1849 543 1900 necdum
554 1853 612 1916 ipse
624 1852 790 1904 ascenderat
797 1866 860 1903 auen

143 1918 197 1970 Scd
208 1922 381 1986 prorupturis
392 1919 540 1970 rutilabant
551 1934 673 1986 aequora
682 1919 815 1973 flammis:

144 1989 237 2054 Exigit
247 2003 262 2037 e
274 1988 367 2038 stratis
379 2005 488 2054 corpus,
500 1988 629 2054 uultuque
640 2005 740 2041 sereno

84 2055 133 2105 235
147 2054 239 2120 Scipio
250 2057 390 2107 contendit
400 2058 515 2122 Massyli
528 2057 561 2108 ad
574 2058 666 2108 limina
677 2061 762 2127 regis.

142 2125 182 2175 llli
193 2139 252 2175 mos
264 2127 368 2189 patrius
378 2124 451 2178 fetus
462 2128 564 2176 nutrire
575 2126 692 2188 leonum,

143 2194 178 2244 Et
188 2192 285 2243 catulis
296 2194 399 2245 rabiem
412 2202 493 2262 atque
504 2197 559 2247 iras
572 2195 708 2261 expellere
721 2198 830 2249 alendo.

141 2264 212 2313 Turn
223 2277 330 2329 quoque
342 2262 416 2313 fulva
424 2279 506 2314 manu
518 2265 861 2334 mulcebateollaiubasqut

140 2333 176 2384 Et
188 2329 247 2382 fera
256 2332 395 2383 tractabat
405 2333 544 2384 ludentum
557 2335 696 2385 interritus
709 2351 769 2386 ora.

82 2401 130 2449 240
143 2401 310 2452 Dardanium
324 2408 468 2469 postquam
481 2402 624 2454 ductorem
636 2407 746 2470 acecpit
759 2407 862 2466 adesse,

141 2470 264 2521 lnduitur
277 2470 458 2538 chlamydem,
470 2474 600 2539 regnique
612 2474 718 2540 insigne
730 2477 832 2526 vetusti

136 2539 241 2593 Gestat
252 2542 334 2596 laeva
344 2543 445 2596 decus:
458 2542 601 2609 cinguntur
610 2547 739 2605 tempora
748 2546 821 2595 uitta

123 2614 260 2680 Albentc,
272 2632 309 2667 ac
320 2615 408 2669 lateri
419 2614 454 2667 de
464 2626 547 2663 more
558 2609 736 2669 adstringitur
750 2612 833 2656 enus.

114 2687 200 2742 Hinc
214 2689 247 2740 in
259 2693 346 2741 tecta
355 2693 461 2750 vocat,
471 2679 652 2741 secretisque
661 2668 862 2732 bffiffiffiffimb*
