1920 2962
150 184 202 238 130
354 184 383 234 G.
412 179 517 234 SlLH
545 182 712 236 l'rnmcl
744 204 747 209 ·

149 303 204 357 Sed
216 301 283 354 mihi
294 303 329 353 sit
337 300 451 370 Stygios
462 306 526 353 ante
536 303 682 354 intravisse
693 309 823 370 penates,

149 373 231 424 Talia
242 386 323 440 quam
334 371 441 421 videam
451 369 582 422 ferientes
590 373 812 439 pactaLatlnos.
887 388 890 395 ·

87 445 139 497 400
149 445 229 494 ilaec
239 441 313 493 fatris
327 442 431 507 Tyriae
441 455 502 491 sese
511 442 566 491 iam
578 440 699 492 reddidit
708 443 781 505 irae,

150 512 210 564 Nec
220 513 341 563 monitus
351 516 498 578 spernente
508 525 607 577 graves
618 510 744 578 fidosque
757 509 876 579 Senatu,

149 583 309 635 Poenorum
320 580 433 631 dimissa
439 577 548 631 cohors.
569 580 646 641 Quae
657 577 767 633 incana
778 584 901 651 repulsa

149 655 188 703 Ac
199 653 329 702 minitans
341 656 423 716 capto
430 686 438 712 ‚
450 650 556 717 patrias
567 648 738 717 properabat
746 652 784 703 ad
796 668 874 707 oran.

150 722 331 790 Prosequitur
342 720 439 788 vulgus
449 719 561 771 Patras:
573 735 606 770 ac
614 718 774 786 planctibus
783 722 883 793 ingens

87 794 140 845 405
151 793 288 844 Personat
298 795 327 841 at
335 789 412 841 luctu
423 804 545 856 campus.
573 789 667 841 Revoe
726 789 837 847 libebat
883 804 886 809 '

150 862 301 923 Interdum,
312 865 341 911 et
351 861 425 911 iusto
437 865 547 926 raptum
557 860 677 911 retinere
707 860 796 915 olore.

149 934 184 983 nt
195 931 313 996 trepida,
325 935 354 980 et
364 930 456 979 subito
468 943 520 979 ceu
531 935 607 980 stans
618 930 646 981 in
658 928 768 995 ninere,
780 934 882 985 coniux

150 1003 187 1051 Ut
198 1000 267 1050 uidit
277 1000 361 1065 puppi
372 1003 567 1064 properantem
577 1000 690 1063 intrare,
700 1002 878 1055 uomendum

147 1068 323 1131 vociferans,
336 1068 455 1120 celerem
464 1082 590 1136 gressum
600 1068 786 1122 referebatad
795 1073 896 1125 undar

87 1141 139 1192 500
149 1139 252 1191 Tollite
257 1153 311 1202 me,
325 1138 441 1206 Libyes,
452 1139 582 1190 comitem
588 1154 752 1208 poenaeque
757 1144 896 1213 nemoque.

148 1212 212 1262 Hoc
223 1225 316 1272 unum,
329 1211 438 1270 coniux,
449 1210 521 1259 uteri
532 1224 583 1276 per
591 1210 710 1279 pignora
718 1212 811 1263 nostri
869 1246 872 1251 -

149 1281 238 1331 Unum
250 1294 313 1342 oro;
333 1278 415 1329 liccat
426 1284 519 1328 tecum
531 1294 709 1348 quoscunque
719 1278 859 1335 ferentem

150 1351 300 1400 Terrarum
312 1348 456 1414 pelagique
466 1349 525 1415 pati
535 1348 659 1417 coelique
669 1348 792 1402 labores.

149 1418 211 1469 Non
223 1433 276 1485 ego
286 1417 465 1483 Amyclaeum
476 1417 619 1471 ductorem
630 1420 658 1470 in
669 1419 780 1487 proclia
788 1422 862 1485 ndei,

87 1488 139 1540 505
151 1488 210 1540 Nec
221 1487 323 1538 nostris
333 1492 383 1537 tua
394 1493 457 1537 sunt
467 1488 639 1540 circumdata
651 1488 724 1540 colla
735 1492 859 1544 catenla'
875 1506 880 1515 ·

151 1560 205 1610 Cur
218 1572 303 1626 usque
314 1556 467 1609 adPoenos
476 1559 606 1610 miseram
616 1557 706 1627 iugisi
724 1560 892 1629 Accipiam·

630 1642 692 1680 cum

149 1698 231 1749 Hanc
242 1701 356 1766 prolem.
384 1700 492 1751 Forsan
502 1699 586 1750 duras
596 1698 771 1767 carthaginis
779 1701 838 1753 irus

148 1769 307 1823 Flectemus
317 1771 451 1822 lacrimis:
472 1775 528 1832 aut,
538 1771 562 1819 ai
573 1769 754 1837 praecluserit
766 1785 849 1823 auree

150 1841 220 1890 Urbs
232 1840 344 1892 inimica
353 1855 427 1903 suas,
437 1839 535 1891 eadem
546 1844 611 1890 tune
622 1836 692 1888 hora
702 1838 830 1892 manebit

87 1907 142 1959 510
155 1911 251 1976 Teque
263 1916 381 1978 tuosque
393 1909 486 1961 simul:
507 1909 559 1972 vel,
571 1909 594 1959 si
604 1910 893 1975 statrurnpereritrm

149 1981 180 2029 ln
192 1981 282 2045 patria
293 1981 451 2030 moriamur.
481 1978 567 2029 Adest
579 1992 672 2028 comes
681 1977 782 2031 ultima
790 1978 854 2032 tau.

150 2049 210 2099 lias
220 2050 292 2099 inter
304 2062 397 2110 voces,
410 2048 505 2098 rinelis
517 2047 639 2100 resoluta
650 2050 756 2099 moveri

151 2117 297 2182 Paulatim,
309 2124 337 2168 et
347 2119 408 2183 ripa
419 2118 512 2184 coepit
523 2117 659 2168 decedere
670 2118 781 2185 puppis.

151 2189 223 2237 Tum
234 2202 300 2237 vero
310 2186 415 2250 infelix,
426 2193 545 2238 ruentem
553 2186 660 2238 »firriata
672 2187 780 2252 dolore,

88 2257 140 2308 515
152 2256 308 2319 Exclamat,
318 2256 405 2307 fessas
416 2257 532 2308 tendens
544 2257 579 2308 ad
589 2257 674 2307 litora
684 2256 807 2325 palmas:

149 2329 201 2387 En,
214 2327 260 2394 qui
271 2341 301 2377 se
310 2328 399 2377 iactat
408 2324 516 2391 Libyae
529 2326 691 2394 populisque
699 2325 830 2381 nefandis

148 2399 236 2464 Atque
247 2394 322 2447 hosti
333 2411 443 2446 serrare
456 2395 550 2447 fldem!
570 2397 645 2447 Data
656 2394 774 2449 foedera
783 2398 873 2461 nobis,

148 2468 186 2517 Ac
198 2468 333 2533 promissa
344 2466 412 2516 fides
422 2464 550 2517 thalamis
560 2466 616 2529 ubi,
627 2464 743 2534 perfide,
755 2484 830 2520 nunc
837 2464 893 2521 eati

148 2537 250 2588 Ultima
259 2550 314 2586 vox
324 2535 407 2586 duras
417 2534 488 2586 haec
499 2542 566 2588 tunc
576 2537 732 2604 penetrarit
743 2536 780 2589 ad
798 2552 892 2591 auras:

72 2606 130 2657 520
143 2609 248 2660 Cetera
260 2608 386 2679 percussi
397 2612 672 2660 vetueruntneseere
684 2607 764 2659 remi·
880 2610 886 2675 J

130 2680 207 2733 Tum
217 2679 309 2738 fluuio
323 2683 435 2754 raptim
445 2678 482 2732 ad
491 2674 586 2747 pelagi
596 2672 764 2725 deuoluimur
776 2691 855 2741 oras,
916 2732 923 2745 ,

114 2752 307 2827 delegimus
321 2744 866 2831 pontumfflffifflifflmfflffiffl'
902 2758 908 2767 ⁴
