1920 2962
239 184 489 237 PUNICORUM
518 186 597 238 LlB.
622 187 682 240 XV.
781 187 830 240 315

93 307 162 358 cum
173 305 301 372 pecudes,
312 305 506 373 volucrumque
517 320 612 372 genus,
623 305 779 376 formasque
791 309 829 361 fa·

568 389 670 438 rarum,

92 441 210 512 Segnem
233 449 314 512 atque
335 444 500 495 obscoenam
521 445 622 562 passim
643 447 786 498 stravisset
801 449 830 498 in

568 528 665 563 arum.

91 580 131 631 Ad
143 580 238 633 laudes
250 583 381 648 genitum,
392 584 485 648 capiat
496 584 518 633 si
530 596 643 633 munera
654 583 753 633 Divum

91 650 178 712 Felix,
191 650 225 700 ad
235 650 330 702 laudes
341 648 480 702 hominum
491 667 585 770 genuq.
608 652 680 714 Huc,
694 668 753 720 age,
766 667 832 719 pau·

577 735 622 771 um

90 788 188 854 Aspice
200 790 263 848 (nec
274 788 355 855 longe
367 793 502 855 repetam)
512 789 594 840 modo
607 789 694 840 Roma
703 792 816 841 minanti
859 792 892 844 00

90 857 183 923 lmpar
192 858 322 919 Fidenae,
334 863 516 925 contentaque
528 873 653 909 crescere
666 859 752 924 asylo,

89 926 152 986 Quo
164 940 224 976 sese
238 926 367 977 extulerit
377 926 493 977 dextris:
507 926 579 978 idem
592 929 693 994 aspice,
705 928 760 978 late

89 994 235 1046 Florentes
247 994 384 1062 quondam
394 995 474 1047 luxus
485 1013 551 1064 quas
562 998 676 1047 verterit
686 998 777 1048 urbes.

91 1063 198 1130 Quippe
210 1079 261 1115 nec
271 1066 313 1116 ira
323 1064 413 1115 Deum
425 1071 544 1127 tantum,
566 1081 617 1116 nec
627 1066 696 1126 tela,
720 1083 770 1118 acc
781 1065 830 1118 ho·

566 1142 632 1196 stes,

89 1203 229 1263 Quantum
240 1201 300 1251 sola
310 1215 394 1252 noces
407 1203 504 1253 animis
514 1203 613 1270 illapsa
623 1203 768 1269 Voluptas.
858 1205 890 1256 05

86 1270 217 1322 Ebrietas
230 1269 279 1319 tibi
290 1271 345 1322 fida
356 1286 456 1334 comes,
469 1271 519 1321 tibi
530 1271 634 1335 Luxus,
647 1280 675 1323 et
686 1274 752 1324 atris

88 1342 169 1391 Circa
180 1344 208 1389 te
220 1354 328 1406 semper
337 1340 454 1392 volitans
466 1340 583 1392 Infamia
592 1344 701 1410 pennis:

85 1410 197 1460 Mecum
209 1409 314 1473 Honor,
328 1426 361 1461 ac
372 1410 491 1474 Laudes,
504 1417 532 1462 et
541 1411 615 1463 laeto
629 1412 724 1463 Gloria
735 1413 820 1475 vultu,

85 1479 123 1529 Et
133 1478 235 1541 Decus,
247 1494 279 1529 ac
291 1481 375 1531 niveis
386 1481 513 1532 Victoria
523 1481 654 1533 concolor
666 1481 723 1533 alis.

87 1548 132 1598 Me
145 1549 251 1598 cinctus
262 1548 340 1599 lauro
352 1550 480 1614 producit
493 1550 527 1601 ad
540 1556 616 1601 astra
625 1549 786 1616 triumphus.
839 1553 890 1600 100

89 1618 172 1675 Casta
183 1613 249 1665 mihi
259 1616 364 1678 domus,
376 1624 404 1667 et
415 1617 488 1669 celso
499 1625 574 1670 stant
584 1620 653 1670 colle
665 1628 792 1686 penates:

86 1686 180 1737 Ardua
191 1697 291 1734 saxoso
302 1684 428 1749 perducit
439 1687 537 1737 semita
550 1687 629 1737 clivo

84 1757 172 1821 Asper
183 1753 317 1820 principio
330 1756 393 1815 (nec
405 1756 476 1804 enim
487 1752 553 1804 milri
563 1754 658 1805 fallere
669 1769 729 1805 mos
741 1759 794 1818 est)

85 1824 267 1891 Prosequitur
277 1822 364 1872 labor.
394 1821 576 1873 Annitcndum
587 1824 691 1873 intrare
702 1822 817 1874 volenti:

85 1893 144 1945 Nec
155 1894 229 1944 bona
240 1891 414 1954 censendum,
428 1907 498 1959 quae
508 1892 578 1943 Fors
589 1891 675 1941 infida
686 1892 802 1954 dedisse,
840 1894 889 1944 105

84 1965 173 2032 Atque
185 1962 281 2014 eadem
292 1962 415 2027 rapuisse
427 1961 508 2013 valet.
537 1962 606 2013 Mox
618 1961 705 2012 celsus
716 1961 750 2012 ab
762 1961 817 2013 alto

84 2033 161 2084 lnfra
171 2039 200 2084 te
211 2046 306 2083 cernes
318 2029 457 2083 hominum
467 2046 562 2099 genam
592 2031 691 2082 Omnia
701 2038 798 2083 contra

84 2103 261 2171 Experienda
271 2109 397 2162 manent,
416 2117 496 2169 quam
508 2101 625 2168 spondet
634 2101 734 2151 blanda
746 2102 829 2154 Volu·
885 2139 887 2143 .

563 2177 634 2237 ptas.

84 2240 221 2299 Stramine
232 2242 372 2308 proiectus
383 2241 451 2292 duro
463 2242 568 2308 patiere
580 2240 629 2292 sub
642 2241 722 2291 astris

83 2313 226 2363 lnsomnes
237 2317 343 2373 noctes,
355 2309 494 2379 frigusque
505 2310 660 2379 famamque
672 2309 803 2360 domabis.
837 2310 888 2360 110

84 2381 162 2433 ldem
172 2381 296 2432 iustitiae
308 2380 405 2442 cultor,
418 2396 595 2449 quaecunque
608 2393 746 2446 capesses,

84 2452 186 2502 'l'estcs
197 2450 335 2501 factorum
346 2458 420 2501 stare
433 2449 602 2501 arbitrabere
613 2448 708 2499 Divos.

83 2522 174 2575 Tunc.
186 2522 292 2587 quoties
303 2521 408 2586 patriae
418 2534 564 2587 rerumque
576 2517 827 2585 periculaposcent,

81 2592 167 2641 Arma
177 2589 249 2641 feres
259 2589 376 2656 primus:
388 2591 493 2658 primus
501 2594 533 2641 te
540 2589 573 2640 in
579 2586 795 2640 moedxatabes

75 2659 211 2708 Hostica:
221 2673 275 2711 nec
286 2659 364 2715 ferro
374 2668 507 2717 mentem
513 2662 718 2723 nuceranae
730 2663 818 2702 auno·
876 2637 937 2684 ’ὣ

67 2725 144 2775 Hinc
154 2726 207 2777 tibi
216 2743 276 2782 non
289 2732 383 2797 Tyrio
398 2737 526 2791 vitiatas
534 2734 658 2788 alarice
666 2728 786 2778 restes,
