1920 2962
153 179 205 230 an
309 227 316 243 ‚
344 175 371 224 c.
401 170 505 223 sruu
533 170 700 223 rrnnre1

155 294 210 348 Sed
222 298 333 346 current
343 292 474 359 albusque
485 291 551 352 dies,
563 288 702 357 horaeque
714 306 845 357 serenae;

155 366 193 417 Et
201 364 277 415 molli
287 362 396 413 dabitur
407 363 481 411 victu
490 374 602 426 sperare
613 365 765 412 senectam.

113 435 146 485 55
158 435 281 496 Quantas
292 435 350 499 ipsc
361 432 437 482 Deus
448 430 535 481 laetos
546 430 688 496 generarit
698 431 725 480 in
738 446 805 481 usus

155 504 209 555 Res
219 501 331 563 homini,
344 500 476 567 plenaque
487 498 562 549 dedit
572 498 645 549 boun
654 498 757 566 gaudia
768 497 877 551 dextra!

155 575 242 641 Atque
252 571 333 632 idern,
345 568 484 635 exemplar
494 567 519 618 le
524 568 561 618 nis
571 567 735 619 mortalibus
748 571 819 631 aeri,

156 640 358 708 lmperturbata
370 637 491 704 placidus
501 642 578 687 tenet
588 637 645 687 otia
656 643 759 689 mente.

156 712 207 761 llla
221 724 274 778 ego
297 724 369 770 sum,
388 704 523 757 Anchisae
539 704 842 825 VeneremdSinroentis
863 705 891 756 ad

629 791 664 825 un
686 790 716 827 ns

117 848 150 899 60
162 850 239 909 Quae
250 849 334 908 iunxi,
345 847 452 914 generis
464 846 542 896 robis
552 845 624 895 unde
635 845 725 899 editus
738 852 844 896 auctor.

158 919 208 968 llln
220 931 271 984 ego
283 931 351 978 sum,
363 916 432 966 verti
438 913 571 981 Superum
584 928 653 981 quae
664 929 748 981 saepe
757 921 892 981 parentem

161 986 239 1037 Nunc
250 986 307 1035 aris
318 985 346 1034 in
356 984 487 1045 formam,
498 999 569 1034 nunc
581 985 652 1033 torri
662 984 689 1033 in
702 998 810 1035 cornua
821 984 891 1035 tauri.

158 1057 222 1106 Huc
235 1053 346 1104 adverte
359 1067 446 1104 aures.
475 1054 566 1103 Currit
575 1052 737 1103 mortalibus
748 1068 854 1115 aerum,

160 1125 218 1175 Nec
229 1125 305 1174 nasci
313 1123 356 1174 bis
367 1138 448 1190 posse
459 1122 552 1173 datur:
563 1121 634 1189 fugit
643 1120 722 1185 hora,
733 1124 859 1192 rapitque

119 1194 151 1244 65
163 1196 313 1244 'Tartareus
323 1200 444 1256 torrens3
456 1207 489 1242 ac
499 1207 591 1243 secum
601 1190 675 1241 ferre
686 1191 737 1242 sub
749 1193 865 1253 umbras,

162 1261 189 1312 Si
201 1278 253 1329 qua
265 1264 354 1311 animo
366 1261 503 1326 placuere,
515 1267 606 1327 negat.
623 1260 689 1321 Quis
700 1260 763 1312 lnce
774 1273 892 1328 suprema

160 1331 300 1380 Dimisisse
311 1344 386 1379 niens
396 1344 458 1378 sero
470 1345 524 1379 non
534 1331 648 1396 ingemit
659 1328 761 1381 horasl

160 1399 309 1465 Postquam
321 1398 461 1458 conticuit,
473 1398 587 1465 finisque
600 1404 642 1450 est
652 1399 747 1450 addita
757 1400 846 1462 dictis,

161 1469 231 1518 Tum
244 1467 352 1518 Virtus:
377 1467 514 1528 Quasnam
530 1469 654 1519 iuvenem
666 1467 843 1530 florentibus,
858 1467 892 1516 in·

653 1539 701 1600 uit,

118 1609 151 1656 70
163 1605 271 1657 Pellicis
280 1605 307 1656 in
320 1604 430 1655 fraudes
441 1606 526 1668 annis,
537 1553 664 1673 vitaeqrfe
674 1609 814 1671 tenebras,

161 1677 209 1726 Cui
221 1676 291 1726 ratio
303 1681 331 1726 et
340 1690 455 1743 magnae
468 1675 599 1726 coelestia
610 1678 713 1726 sentina
727 1678 826 1728 mentis

161 1746 275 1796 Munere
288 1751 350 1796 sunt
362 1760 493 1796 concessa
504 1743 612 1795 Deuml
623 1746 790 1797 Mortalibus
801 1745 847 1797 ulti

162 1817 299 1877 Quantum
314 1815 467 1866 Coelicolac
474 1851 482 1877 ,
494 1814 654 1865 tantundem
665 1816 827 1867 animalibus
836 1813 878 1865 isti

161 1884 335 1935 Praecellunt
347 1886 459 1934 cunctis.
477 1884 586 1934 Tribuit
596 1899 713 1952 namque
723 1887 785 1952 ipsa
796 1886 892 1936 nunore

118 1954 150 2002 75
164 1955 223 2003 llos
234 1954 314 2002 terris
326 1951 430 2002 Natura
440 1954 514 2004 Deo:
529 1953 576 2003 scd
588 1953 700 2005 foedere
714 1961 791 2006 certo

161 2022 318 2088 Degeneres
332 2022 450 2072 tenebris
463 2024 565 2073 animas
577 2022 716 2073 damnavit
726 2027 847 2074 Auernis.

161 2093 203 2151 At,
215 2094 274 2155 quis
286 2088 408 2142 aetherei
419 2098 544 2142 servatur
554 2094 663 2144 seminis
673 2099 760 2155 ortuo,

161 2158 236 2210 Coeli
248 2164 329 2224 porta
339 2167 424 2225 patet.
453 2161 579 2212 Referam
591 2162 654 2229 quid
672 2170 774 2214 cuncta
790 2164 892 2213 domnn-

635 2238 690 2282 tem

161 2295 449 2364 Amphitryoniadem?
462 2300 533 2364 quid,
546 2303 598 2362 cui,
611 2308 673 2367 post
684 2299 766 2352 Seras
780 2307 807 2352 ct
818 2299 893 2350 ludus

118 2369 151 2417 80
164 2369 277 2435 captivo
288 2367 373 2418 Liber
385 2382 445 2417 cum
457 2368 535 2434 signa
545 2369 663 2421 referret
674 2371 707 2420 ab
720 2372 805 2432 Euro,

162 2440 317 2489 Caucaseae
329 2452 437 2487 currum
450 2436 551 2489 duxere
564 2454 613 2504 per
624 2440 726 2506 oppida
736 2437 837 2507 tigrest

160 2505 231 2569 Quid
244 2508 397 2576 suspiratos
408 2522 507 2576 magno
518 2509 545 2558 in
558 2509 712 2559 discrimine
724 2510 814 2559 nautis

147 2577 285 2632 Ledaeos
298 2578 423 2633 referam
434 2578 538 2631 fratres
546 2570 895 2642 ,uestrumquetauiunuml

139 2649 247 2705 Nonne
262 2651 363 2716 rides,
376 2650 530 2706 hominum
538 2655 573 2701 ut
582 2646 673 2700 celsos
682 2641 910 2693 animer-anunm

79 2718 121 2772 85
134 2721 310 2782 Sustulerit
319 2727 417 2793 Deus,
431 2739 472 2778 ac
485 2721 621 2775 sublimia
629 2706 822 2764 tornaturas
