1920 2962
148 116 199 170 886
338 116 367 166 C.
397 112 504 166 SlLll
530 111 698 166 l'l'ALlCl

152 238 182 288 ln
198 235 316 286 medios:
337 235 507 302 Tyriumque
522 233 620 283 ducem
634 234 709 284 inter
731 236 819 301 prima
836 233 881 285 fre·

626 308 749 353 mentem

149 376 264 442 Agmina
273 378 304 423 ut
315 372 431 438 aspexit,
442 370 530 421 rabidi
540 384 591 422 eeu
602 370 685 422 belua
695 372 783 438 ponti,
926 356 933 457 ί

151 445 205 494 Per
216 443 327 510 longum
338 440 422 491 sterili
434 439 469 490 ad
479 446 573 506 pastus
582 440 690 491 iactata
700 440 843 507 profundo,

152 516 218 564 Cum
229 509 325 578 procul
334 511 361 559 in
373 508 458 560 iluetu
468 509 572 576 piscem
582 509 654 560 male
665 511 762 561 sanein
770 510 842 572 vidit,

90 583 142 634 tuo
153 585 280 641 Aestuat,
296 584 338 641 et,
355 578 474 629 lustrans
492 583 602 630 nantem
618 579 670 629 sub
685 581 795 647 gurgite
812 592 876 647 prae

626 647 699 710 (lam,

151 718 286 770 Absorbet
297 717 352 767 late
364 718 527 783 permixtum
537 716 656 782 piscibus
668 732 781 785 aequor.

152 789 214 839 Non
224 787 279 838 telo
291 801 378 848 more,
390 800 444 835 non
457 785 546 836 dietis.
565 786 647 836 Haud
659 787 785 854 amplius,
796 786 874 854 inquit,

152 858 269 909 Elabere
281 853 355 905 mihi.
368 868 371 873 ·
385 854 447 905 Non
457 852 501 905 hie
513 869 626 905 nemora
637 857 700 906 aria
709 855 804 908 fallent

152 928 284 993 Pyrenes,
298 939 349 974 nee
358 925 499 990 promissis
511 923 680 976 frustrabere
693 927 781 989 vonis,

90 996 141 1048 ’195
154 997 191 1048 Ut
201 994 337 1062 quondam
349 998 424 1044 terre
434 993 518 1044 fallax
529 992 679 1060 deprensus
689 994 795 1047 Hibero

152 1065 248 1117 Evasti
259 1067 381 1115 nostram
391 1065 506 1114 mentito
517 1061 630 1113 loedere
640 1063 776 1115 dextram.

152 1132 319 1195 HaeeNero,
333 1139 362 1183 et
369 1134 510 1200 intorquet
518 1132 650 1183 iaculum:
660 1148 713 1183 nee
719 1132 865 1185 futilisietm

150 1203 221 1254 Nam
231 1203 317 1253 latere
329 1207 452 1253 extremo
463 1202 553 1268 euspis
565 1201 665 1253 librate
676 1202 786 1255 resedit

150 1271 257 1322 Invadit
269 1272 367 1321 stricto
379 1286 462 1337 super
471 1269 541 1321 baee
550 1272 691 1323 interritus
703 1287 776 1335 ense,

90 1343 140 1392 800
155 1340 326 1405 collapsique
338 1353 464 1404 premens
473 1340 592 1391 umbone
602 1343 751 1391 trementia
759 1338 869 1395 membra,

150 1408 178 1460 Si
190 1422 244 1475 qna
256 1407 304 1458 sub
316 1413 439 1459 extremo
452 1424 517 1460 ensu
528 1410 659 1461 mandata
668 1408 768 1462 referri
917 1380 923 1471 l

151 1478 289 1530 Germano
301 1478 341 1527 vis
350 1475 423 1529 forte
435 1483 493 1541 tuo,
506 1477 686 1545 portabimus,
697 1481 792 1548 iuquit.
919 1492 923 1581 q

151 1549 253 1599 Contra
265 1545 406 1597 Sidonius:
419 1547 491 1598 Leto
502 1562 557 1598 non
566 1554 675 1600 terreor
685 1550 750 1601 ullo.
919 1583 924 1619 :

150 1619 234 1669 Utere
246 1618 336 1668 Marte
348 1622 406 1680 tuo,
418 1617 481 1667 dum
493 1619 593 1668 nostris
604 1618 730 1670 manibus
742 1618 811 1669 adsit

89 1687 140 1737 805
151 1689 278 1738 Actutum
289 1686 397 1738 vindex.
424 1687 490 1737 Mea
501 1688 525 1736 si
537 1702 666 1754 suprema
675 1687 780 1739 referre

150 1756 242 1808 Fratri
251 1757 334 1807 verba
346 1771 436 1823 peras,
447 1756 556 1818 mando,
570 1757 707 1824 Capitolia
717 1759 803 1808 vietor

149 1828 265 1887 Exurat‚
276 1827 413 1892 cinerique
424 1826 497 1876 lovis
508 1827 675 1892 permisceat
686 1841 751 1878 ossa

149 1896 186 1945 Et
197 1896 301 1944 eineres
313 1901 430 1945 nostros.
461 1895 620 1961 Cupientem
630 1902 777 1947 annectere
787 1894 855 1962 plura

149 1965 365 2029 Ferventemque
376 1966 418 2013 ira
428 1965 525 2015 mortis
536 1965 743 2016 transverberat
754 1978 822 2026 ense,
866 1986 869 1991 ·

88 2033 139 2082 810
152 2034 188 2081 Et
198 2033 269 2097 rapit
279 2033 392 2082 infidum
403 2034 493 2084 victor
505 2040 596 2100 eaput
625 2035 741 2102 Agmina
750 2034 809 2085 luso

149 2100 311 2152 Sternuntur
322 2102 400 2163 duce,
412 2117 466 2152 non
477 2102 550 2153 ultro
560 2103 675 2155 fidentia
685 2105 777 2154 Marti.

148 2172 257 2236 lamque
271 2169 341 2220 diem
353 2171 471 2239 solisque
482 2173 540 2223 vias
551 2187 607 2224 nox
618 2172 731 2224 abstulit
743 2178 810 2232 ntra,
921 2130 929 2229 ,1

149 2242 215 2290 Cum
227 2240 298 2290 sires
309 2254 393 2304 parco
405 2241 479 2291 victu
490 2257 640 2311 somnoque
651 2242 798 2293 reducunt:
925 2238 929 2251 '

148 2312 194 2371 Ae,
206 2309 325 2360 nondum
335 2316 475 2361 remeante
486 2311 538 2374 die,
550 2313 674 2363 metricis
684 2312 772 2379 signa,
927 2326 931 2381 ;

87 2377 138 2426 815
152 2380 212 2438 Qun
222 2384 341 2444 rentum,
353 2380 475 2432 referunt
486 2381 584 2433 clausis
595 2380 741 2433 formidine
752 2378 852 2431 onstrin
929 2418 932 2425 .

147 2447 218 2499 Tum
229 2447 314 2516 Nero,
325 2466 443 2520 procera
452 2450 577 2502 sublimia
589 2452 700 2518 cuspide
711 2456 824 2517 portans

139 2519 198 2573 Ora
211 2520 293 2575 ducis
307 2527 396 2590 eaesi,
407 2518 811 2589 Cannasqensnnmusnnqnn

130 2594 301 2660 Hannibal,
322 2605 352 2651 et
361 2596 520 2655 Trebiam,
533 2598 565 2644 et
571 2583 890 2702 'lbresgqqqmbtmnxe
