<?xml version="1.0" encoding="UTF-8"?>
<!DOCTYPE html PUBLIC "-//W3C//DTD XHTML 1.0 Transitional//EN"
    "http://www.w3.org/TR/xhtml1/DTD/xhtml1-transitional.dtd">
<html xmlns="http://www.w3.org/1999/xhtml" xml:lang="en" lang="en">
 <head>
  <title>
</title>
<meta http-equiv="Content-Type" content="text/html;charset=utf-8" />
  <meta name='ocr-system' content='tesseract 3.04.00' />
  <meta name='ocr-capabilities' content='ocr_page ocr_carea ocr_par ocr_line ocrx_word'/>
</head>
<body>
  <div class='ocr_page' id='page_1' title='image "./punicorumlibrix00italgoog/punicorumlibrix00italgoog_0113.png"; bbox 0 0 1920 2962; ppageno 0'>
   <div class='ocr_carea' id='block_1_1' title="bbox 218 168 806 228">
    <p class='ocr_par' dir='ltr' id='par_1_1' title="bbox 218 168 806 228">
     <span class='ocr_line' id='line_1_1' title="bbox 218 168 806 228; baseline 0.002 -5"><span class='ocrx_word' id='word_1_1' title='bbox 218 168 473 223; x_wconf 70' lang='lat' dir='ltr'>Punicorum</span> <span class='ocrx_word' id='word_1_2' title='bbox 500 171 583 223; x_wconf 85' lang='lat' dir='ltr'>LlB.</span> <span class='ocrx_word' id='word_1_3' title='bbox 607 172 644 228; x_wconf 85' lang='lat' dir='ltr'>V.</span> <span class='ocrx_word' id='word_1_4' title='bbox 755 175 806 224; x_wconf 76' lang='lat' dir='ltr'>iob</span> 
     </span>
    </p>
   </div>
   <div class='ocr_carea' id='block_1_2' title="bbox 60 292 921 2790">
    <p class='ocr_par' dir='ltr' id='par_1_2' title="bbox 61 292 867 1105">
     <span class='ocr_line' id='line_1_2' title="bbox 61 292 749 361; baseline -0.004 -14"><span class='ocrx_word' id='word_1_5' title='bbox 61 293 224 347; x_wconf 74' lang='lat' dir='ltr'><strong>Abstulerat</strong></span> <span class='ocrx_word' id='word_1_6' title='bbox 234 292 331 354; x_wconf 88' lang='lat' dir='ltr'>Durio,</span> <span class='ocrx_word' id='word_1_7' title='bbox 344 307 377 342; x_wconf 92' lang='lat' dir='ltr'>ac</span> <span class='ocrx_word' id='word_1_8' title='bbox 386 296 528 357; x_wconf 77' lang='lat' dir='ltr'>spectatae</span> <span class='ocrx_word' id='word_1_9' title='bbox 540 292 631 343; x_wconf 83' lang='lat' dir='ltr'><strong>nobile</strong></span> <span class='ocrx_word' id='word_1_10' title='bbox 642 308 749 361; x_wconf 81' lang='lat' dir='ltr'><strong>pugnae</strong></span> 
     </span>
     <span class='ocr_line' id='line_1_3' title="bbox 64 361 726 429; baseline -0.003 -13"><span class='ocrx_word' id='word_1_11' title='bbox 64 363 206 416; x_wconf 79' lang='lat' dir='ltr'>Germano</span> <span class='ocrx_word' id='word_1_12' title='bbox 218 361 334 413; x_wconf 82' lang='lat' dir='ltr'>dederat</span> <span class='ocrx_word' id='word_1_13' title='bbox 344 367 456 427; x_wconf 85' lang='lat' dir='ltr'>portare</span> <span class='ocrx_word' id='word_1_14' title='bbox 466 361 495 410; x_wconf 91' lang='lat' dir='ltr'>in</span> <span class='ocrx_word' id='word_1_15' title='bbox 505 361 610 427; x_wconf 89' lang='lat' dir='ltr'>proelia</span> <span class='ocrx_word' id='word_1_16' title='bbox 620 363 726 429; x_wconf 89' lang='lat' dir='ltr'>pignus.</span> 
     </span>
     <span class='ocr_line' id='line_1_4' title="bbox 62 431 867 548; baseline -0.005 -63"><span class='ocrx_word' id='word_1_17' title='bbox 62 433 164 485; x_wconf 86' lang='lat' dir='ltr'>Telum</span> <span class='ocrx_word' id='word_1_18' title='bbox 173 433 284 500; x_wconf 89' lang='lat' dir='ltr'>ingens,</span> <span class='ocrx_word' id='word_1_19' title='bbox 296 444 398 496; x_wconf 82' lang='lat' dir='ltr'>perque</span> <span class='ocrx_word' id='word_1_20' title='bbox 410 445 487 480; x_wconf 87' lang='lat' dir='ltr'>arma</span> <span class='ocrx_word' id='word_1_21' title='bbox 497 431 556 548; x_wconf 75' lang='lat' dir='ltr'>viril,</span> <span class='ocrx_word' id='word_1_22' title='bbox 573 444 674 548; x_wconf 64' lang='lat' dir='ltr'>qerque</span> <span class='ocrx_word' id='word_1_23' title='bbox 686 446 743 494; x_wconf 88' lang='lat' dir='ltr'>ore,</span> <span class='ocrx_word' id='word_1_24' title='bbox 757 433 804 482; x_wconf 91' lang='lat' dir='ltr'>do·</span> <span class='ocrx_word' id='word_1_25' title='bbox 815 431 867 482; x_wconf 69' lang='lat'>325</span> 
     </span>
     <span class='ocr_line' id='line_1_5' title="bbox 554 514 609 549; baseline 0.018 -1"><span class='ocrx_word' id='word_1_26' title='bbox 554 514 581 548; x_wconf 89' lang='lat' dir='ltr'>or</span> <span class='ocrx_word' id='word_1_27' title='bbox 596 515 609 549; x_wconf 88' lang='lat' dir='ltr'>s</span> 
     </span>
     <span class='ocr_line' id='line_1_6' title="bbox 61 568 628 634; baseline -0.009 -13"><span class='ocrx_word' id='word_1_28' title='bbox 61 568 194 621; x_wconf 77' lang='lat' dir='ltr'>Adiutnm</span> <span class='ocrx_word' id='word_1_29' title='bbox 204 569 275 632; x_wconf 88' lang='lat' dir='ltr'>nisu,</span> <span class='ocrx_word' id='word_1_30' title='bbox 285 568 395 620; x_wconf 90' lang='lat' dir='ltr'>letalem</span> <span class='ocrx_word' id='word_1_31' title='bbox 407 568 520 634; x_wconf 87' lang='lat' dir='ltr'>pertulit</span> <span class='ocrx_word' id='word_1_32' title='bbox 528 569 628 618; x_wconf 87' lang='lat' dir='ltr'>ictum:</span> 
     </span>
     <span class='ocr_line' id='line_1_7' title="bbox 61 637 701 705; baseline -0.008 -14"><span class='ocrx_word' id='word_1_33' title='bbox 61 638 280 705; x_wconf 83' lang='lat' dir='ltr'>Exsanguesque</span> <span class='ocrx_word' id='word_1_34' title='bbox 290 639 342 688; x_wconf 76' lang='lat' dir='ltr'>viri</span> <span class='ocrx_word' id='word_1_35' title='bbox 353 639 477 688; x_wconf 89' lang='lat' dir='ltr'>conantis</span> <span class='ocrx_word' id='word_1_36' title='bbox 488 638 588 688; x_wconf 88' lang='lat' dir='ltr'>vellere</span> <span class='ocrx_word' id='word_1_37' title='bbox 598 637 701 687; x_wconf 81' lang='lat' dir='ltr'>sermm</span> 
     </span>
     <span class='ocr_line' id='line_1_8' title="bbox 61 705 795 774; baseline -0.001 -16"><span class='ocrx_word' id='word_1_38' title='bbox 61 708 95 759; x_wconf 90' lang='lat' dir='ltr'>ln</span> <span class='ocrx_word' id='word_1_39' title='bbox 105 705 202 756; x_wconf 83' lang='lat' dir='ltr'>vulnus</span> <span class='ocrx_word' id='word_1_40' title='bbox 216 707 340 757; x_wconf 85' lang='lat' dir='ltr'>cecidere</span> <span class='ocrx_word' id='word_1_41' title='bbox 351 721 456 757; x_wconf 90' lang='lat' dir='ltr'>manus.</span> <span class='ocrx_word' id='word_1_42' title='bbox 478 707 555 757; x_wconf 91' lang='lat' dir='ltr'>lacet</span> <span class='ocrx_word' id='word_1_43' title='bbox 566 720 685 774; x_wconf 89' lang='lat' dir='ltr'>aequore</span> <span class='ocrx_word' id='word_1_44' title='bbox 696 721 795 757; x_wconf 91' lang='lat' dir='ltr'>nomen</span> 
     </span>
     <span class='ocr_line' id='line_1_9' title="bbox 63 775 804 843; baseline 0 -17"><span class='ocrx_word' id='word_1_45' title='bbox 63 776 175 827; x_wconf 88' lang='lat' dir='ltr'>Clarum</span> <span class='ocrx_word' id='word_1_46' title='bbox 182 776 321 838; x_wconf 87' lang='lat' dir='ltr'>Maeonio,</span> <span class='ocrx_word' id='word_1_47' title='bbox 333 781 415 842; x_wconf 89' lang='lat' dir='ltr'>atque</span> <span class='ocrx_word' id='word_1_48' title='bbox 425 775 511 826; x_wconf 86' lang='lat' dir='ltr'>Italae</span> <span class='ocrx_word' id='word_1_49' title='bbox 521 791 586 842; x_wconf 87' lang='lat' dir='ltr'>pars</span> <span class='ocrx_word' id='word_1_50' title='bbox 599 790 700 843; x_wconf 85' lang='lat' dir='ltr'>magna</span> <span class='ocrx_word' id='word_1_51' title='bbox 710 777 804 827; x_wconf 85' lang='lat' dir='ltr'>ruinae</span> 
     </span>
     <span class='ocr_line' id='line_1_10' title="bbox 61 843 865 912; baseline -0.002 -15"><span class='ocrx_word' id='word_1_52' title='bbox 61 845 180 911; x_wconf 78' lang='lat' dir='ltr'>Appius:</span> <span class='ocrx_word' id='word_1_53' title='bbox 195 845 361 896; x_wconf 88' lang='lat' dir='ltr'>intremuere</span> <span class='ocrx_word' id='word_1_54' title='bbox 373 844 460 907; x_wconf 86' lang='lat' dir='ltr'>lacus,</span> <span class='ocrx_word' id='word_1_55' title='bbox 470 859 624 912; x_wconf 77' lang='lat' dir='ltr'>corpusque</span> <span class='ocrx_word' id='word_1_56' title='bbox 635 843 737 912; x_wconf 82' lang='lat' dir='ltr'>refugit</span> <span class='ocrx_word' id='word_1_57' title='bbox 815 845 865 895; x_wconf 76' lang='lat'>330</span> 
     </span>
     <span class='ocr_line' id='line_1_11' title="bbox 62 912 815 981; baseline -0.001 -15"><span class='ocrx_word' id='word_1_58' title='bbox 62 914 220 966; x_wconf 80' lang='lat' dir='ltr'>Contractis</span> <span class='ocrx_word' id='word_1_59' title='bbox 227 912 433 980; x_wconf 87' lang='lat' dir='ltr'>Thrasymenus</span> <span class='ocrx_word' id='word_1_60' title='bbox 444 914 535 981; x_wconf 88' lang='lat' dir='ltr'>aquis:</span> <span class='ocrx_word' id='word_1_61' title='bbox 545 913 629 964; x_wconf 89' lang='lat' dir='ltr'>telum</span> <span class='ocrx_word' id='word_1_62' title='bbox 641 928 689 964; x_wconf 92' lang='lat' dir='ltr'>ore</span> <span class='ocrx_word' id='word_1_63' title='bbox 702 920 815 965; x_wconf 89' lang='lat' dir='ltr'>cruento</span> 
     </span>
     <span class='ocr_line' id='line_1_12' title="bbox 61 983 806 1102; baseline -0.001 -67"><span class='ocrx_word' id='word_1_64' title='bbox 61 984 215 1051; x_wconf 83' lang='lat' dir='ltr'>Exspirans</span> <span class='ocrx_word' id='word_1_65' title='bbox 225 985 339 1050; x_wconf 84' lang='lat' dir='ltr'>premit,</span> <span class='ocrx_word' id='word_1_66' title='bbox 357 989 439 1050; x_wconf 88' lang='lat' dir='ltr'>atque</span> <span class='ocrx_word' id='word_1_67' title='bbox 456 983 600 1102; x_wconf 59' lang='lat' dir='ltr'>admoqlsae</span> <span class='ocrx_word' id='word_1_68' title='bbox 615 984 806 1034; x_wconf 84' lang='lat' dir='ltr'>immurmuret</span> 
     </span>
     <span class='ocr_line' id='line_1_13' title="bbox 562 1057 648 1105; baseline -0.012 -1"><span class='ocrx_word' id='word_1_69' title='bbox 562 1057 648 1105; x_wconf 85' lang='lat' dir='ltr'>astae.</span> 
     </span>
    </p>

    <p class='ocr_par' dir='ltr' id='par_1_3' title="bbox 60 1120 867 1676">
     <span class='ocr_line' id='line_1_14' title="bbox 61 1120 660 1204; baseline 0.002 -31"><span class='ocrx_word' id='word_1_70' title='bbox 61 1120 123 1174; x_wconf 89' lang='lat' dir='ltr'>Nec</span> <span class='ocrx_word' id='word_1_71' title='bbox 134 1120 185 1172; x_wconf 87' lang='lat' dir='ltr'>fati</span> <span class='ocrx_word' id='word_1_72' title='bbox 195 1121 293 1173; x_wconf 88' lang='lat' dir='ltr'>melior</span> <span class='ocrx_word' id='word_1_73' title='bbox 303 1122 460 1172; x_wconf 75' lang='lat' dir='ltr'>Mamercus</span> <span class='ocrx_word' id='word_1_74' title='bbox 471 1137 588 1204; x_wconf 81' lang='lat' dir='ltr'>corppre</span> <span class='ocrx_word' id='word_1_75' title='bbox 598 1129 660 1175; x_wconf 88' lang='lat' dir='ltr'>toto</span> 
     </span>
     <span class='ocr_line' id='line_1_15' title="bbox 60 1189 665 1260; baseline 0 -18"><span class='ocrx_word' id='word_1_76' title='bbox 60 1191 190 1243; x_wconf 81' lang='lat' dir='ltr'>Exsolvit</span> <span class='ocrx_word' id='word_1_77' title='bbox 200 1206 313 1260; x_wconf 88' lang='lat' dir='ltr'>poenas,</span> <span class='ocrx_word' id='word_1_78' title='bbox 324 1191 389 1241; x_wconf 93' lang='lat' dir='ltr'>nulli</span> <span class='ocrx_word' id='word_1_79' title='bbox 400 1205 453 1241; x_wconf 93' lang='lat' dir='ltr'>non</span> <span class='ocrx_word' id='word_1_80' title='bbox 464 1193 572 1243; x_wconf 81' lang='lat' dir='ltr'>saucius</span> <span class='ocrx_word' id='word_1_81' title='bbox 583 1189 665 1242; x_wconf 82' lang='lat' dir='ltr'>hosti.</span> 
     </span>
     <span class='ocr_line' id='line_1_16' title="bbox 63 1259 867 1328; baseline -0.001 -16"><span class='ocrx_word' id='word_1_82' title='bbox 63 1259 190 1328; x_wconf 89' lang='lat' dir='ltr'>Namque</span> <span class='ocrx_word' id='word_1_83' title='bbox 201 1276 252 1327; x_wconf 88' lang='lat' dir='ltr'>per</span> <span class='ocrx_word' id='word_1_84' title='bbox 264 1261 402 1323; x_wconf 85' lang='lat' dir='ltr'>adversos,</span> <span class='ocrx_word' id='word_1_85' title='bbox 420 1275 474 1328; x_wconf 92' lang='lat' dir='ltr'>qua</span> <span class='ocrx_word' id='word_1_86' title='bbox 484 1259 619 1312; x_wconf 84' lang='lat' dir='ltr'>Lusitana</span> <span class='ocrx_word' id='word_1_87' title='bbox 629 1261 721 1312; x_wconf 88' lang='lat' dir='ltr'>ciebat</span> <span class='ocrx_word' id='word_1_88' title='bbox 816 1261 867 1312; x_wconf 79' lang='lat'>335</span> 
     </span>
     <span class='ocr_line' id='line_1_17' title="bbox 63 1330 783 1399; baseline 0.001 -18"><span class='ocrx_word' id='word_1_89' title='bbox 63 1330 176 1398; x_wconf 82' lang='lat' dir='ltr'>Pugnae</span> <span class='ocrx_word' id='word_1_90' title='bbox 187 1330 247 1382; x_wconf 89' lang='lat' dir='ltr'>dira</span> <span class='ocrx_word' id='word_1_91' title='bbox 257 1345 362 1392; x_wconf 90' lang='lat' dir='ltr'>manus,</span> <span class='ocrx_word' id='word_1_92' title='bbox 374 1339 482 1397; x_wconf 86' lang='lat' dir='ltr'>raptum</span> <span class='ocrx_word' id='word_1_93' title='bbox 494 1346 555 1381; x_wconf 90' lang='lat' dir='ltr'>cum</span> <span class='ocrx_word' id='word_1_94' title='bbox 565 1332 697 1399; x_wconf 88' lang='lat' dir='ltr'>sanguine</span> <span class='ocrx_word' id='word_1_95' title='bbox 710 1332 783 1382; x_wconf 85' lang='lat' dir='ltr'>caesi</span> 
     </span>
     <span class='ocr_line' id='line_1_18' title="bbox 65 1397 655 1468; baseline 0 -17"><span class='ocrx_word' id='word_1_96' title='bbox 65 1397 197 1468; x_wconf 83' lang='lat' dir='ltr'>Signiferi</span> <span class='ocrx_word' id='word_1_97' title='bbox 208 1414 307 1466; x_wconf 84' lang='lat' dir='ltr'>magna</span> <span class='ocrx_word' id='word_1_98' title='bbox 316 1399 444 1450; x_wconf 74' lang='lat' dir='ltr'>vexillum</span> <span class='ocrx_word' id='word_1_99' title='bbox 454 1400 527 1451; x_wconf 88' lang='lat' dir='ltr'>mole</span> <span class='ocrx_word' id='word_1_100' title='bbox 539 1399 655 1463; x_wconf 87' lang='lat' dir='ltr'>ferebat,</span> 
     </span>
     <span class='ocr_line' id='line_1_19' title="bbox 61 1468 705 1538; baseline 0 -18"><span class='ocrx_word' id='word_1_101' title='bbox 61 1469 102 1520; x_wconf 82' lang='lat' dir='ltr'>Et</span> <span class='ocrx_word' id='word_1_102' title='bbox 112 1469 221 1537; x_wconf 84' lang='lat' dir='ltr'>trepido</span> <span class='ocrx_word' id='word_1_103' title='bbox 230 1468 325 1520; x_wconf 81' lang='lat' dir='ltr'>infelix</span> <span class='ocrx_word' id='word_1_104' title='bbox 335 1470 486 1520; x_wconf 83' lang='lat' dir='ltr'>revocabat</span> <span class='ocrx_word' id='word_1_105' title='bbox 496 1471 574 1538; x_wconf 84' lang='lat' dir='ltr'>signa</span> <span class='ocrx_word' id='word_1_106' title='bbox 585 1485 705 1522; x_wconf 88' lang='lat' dir='ltr'>suorum.</span> 
     </span>
     <span class='ocr_line' id='line_1_20' title="bbox 64 1535 767 1607; baseline 0.003 -19"><span class='ocrx_word' id='word_1_107' title='bbox 64 1535 122 1589; x_wconf 84' lang='lat' dir='ltr'>Sed</span> <span class='ocrx_word' id='word_1_108' title='bbox 134 1537 236 1588; x_wconf 89' lang='lat' dir='ltr'>furiata</span> <span class='ocrx_word' id='word_1_109' title='bbox 246 1536 355 1601; x_wconf 89' lang='lat' dir='ltr'>cohors,</span> <span class='ocrx_word' id='word_1_110' title='bbox 368 1540 494 1607; x_wconf 81' lang='lat' dir='ltr'>ausisque</span> <span class='ocrx_word' id='word_1_111' title='bbox 506 1555 623 1591; x_wconf 87' lang='lat' dir='ltr'>accensa</span> <span class='ocrx_word' id='word_1_112' title='bbox 634 1540 767 1605; x_wconf 88' lang='lat' dir='ltr'>superbis,</span> 
     </span>
     <span class='ocr_line' id='line_1_21' title="bbox 65 1606 803 1676; baseline 0 -18"><span class='ocrx_word' id='word_1_113' title='bbox 65 1606 256 1674; x_wconf 72' lang='lat' dir='ltr'>Quodcunque</span> <span class='ocrx_word' id='word_1_114' title='bbox 271 1608 332 1674; x_wconf 90' lang='lat' dir='ltr'>ipsa</span> <span class='ocrx_word' id='word_1_115' title='bbox 347 1623 429 1658; x_wconf 91' lang='lat' dir='ltr'>manu</span> <span class='ocrx_word' id='word_1_116' title='bbox 445 1609 575 1676; x_wconf 82' lang='lat' dir='ltr'>gestabat</span> <span class='ocrx_word' id='word_1_117' title='bbox 588 1610 705 1672; x_wconf 82' lang='lat' dir='ltr'>missile,</span> <span class='ocrx_word' id='word_1_118' title='bbox 728 1609 803 1676; x_wconf 87' lang='lat' dir='ltr'>quid·</span> 
     </span>
    </p>

    <p class='ocr_par' dir='ltr' id='par_1_4' title="bbox 60 1677 921 2790">
     <span class='ocr_line' id='line_1_22' title="bbox 454 1677 867 1727; baseline 0 0"><span class='ocrx_word' id='word_1_119' title='bbox 454 1686 456 1688; x_wconf 82' lang='grc'><em>·</em></span> <span class='ocrx_word' id='word_1_120' title='bbox 561 1679 608 1727; x_wconf 89' lang='lat' dir='ltr'>uid</span> <span class='ocrx_word' id='word_1_121' title='bbox 814 1677 867 1727; x_wconf 75' lang='lat'>340</span> 
     </span>
     <span class='ocr_line' id='line_1_23' title="bbox 64 1694 677 1811; baseline -0.005 -13"><span class='ocrx_word' id='word_1_122' title='bbox 64 1745 223 1798; x_wconf 83' lang='lat' dir='ltr'>Praebebat</span> <span class='ocrx_word' id='word_1_123' title='bbox 232 1745 321 1806; x_wconf 89' lang='lat' dir='ltr'>tellus,</span> <span class='ocrx_word' id='word_1_124' title='bbox 333 1748 434 1811; x_wconf 86' lang='lat' dir='ltr'>sparsis</span> <span class='ocrx_word' id='word_1_125' title='bbox 445 1747 490 1794; x_wconf 87' lang='lat' dir='ltr'>vix</span> <span class='ocrx_word' id='word_1_126' title='bbox 501 1694 596 1810; x_wconf 44' lang='lat' dir='ltr'>perflvia</span> <span class='ocrx_word' id='word_1_127' title='bbox 608 1747 677 1805; x_wconf 89' lang='lat' dir='ltr'>telis,</span> 
     </span>
     <span class='ocr_line' id='line_1_24' title="bbox 62 1812 692 1880; baseline -0.008 -14"><span class='ocrx_word' id='word_1_128' title='bbox 62 1815 164 1867; x_wconf 87' lang='lat' dir='ltr'>lniccit</span> <span class='ocrx_word' id='word_1_129' title='bbox 174 1815 286 1880; x_wconf 84' lang='lat' dir='ltr'>pariter,</span> <span class='ocrx_word' id='word_1_130' title='bbox 298 1814 444 1879; x_wconf 87' lang='lat' dir='ltr'>pluresque</span> <span class='ocrx_word' id='word_1_131' title='bbox 453 1814 481 1862; x_wconf 92' lang='lat' dir='ltr'>in</span> <span class='ocrx_word' id='word_1_132' title='bbox 492 1827 609 1877; x_wconf 88' lang='lat' dir='ltr'>corpore</span> <span class='ocrx_word' id='word_1_133' title='bbox 620 1812 692 1862; x_wconf 90' lang='lat' dir='ltr'>nullo</span> 
     </span>
     <span class='ocr_line' id='line_1_25' title="bbox 62 1878 679 1947; baseline -0.01 -11"><span class='ocrx_word' id='word_1_134' title='bbox 62 1885 198 1937; x_wconf 77' lang='lat' dir='ltr'>Invenere</span> <span class='ocrx_word' id='word_1_135' title='bbox 208 1882 299 1932; x_wconf 92' lang='lat' dir='ltr'>locum</span> <span class='ocrx_word' id='word_1_136' title='bbox 312 1880 445 1947; x_wconf 86' lang='lat' dir='ltr'>perfossis</span> <span class='ocrx_word' id='word_1_137' title='bbox 457 1881 564 1931; x_wconf 89' lang='lat' dir='ltr'>ossibus</span> <span class='ocrx_word' id='word_1_138' title='bbox 575 1878 679 1931; x_wconf 85' lang='lat' dir='ltr'>bastae.</span> 
     </span>
     <span class='ocr_line' id='line_1_26' title="bbox 63 1950 607 2006; baseline -0.011 -1"><span class='ocrx_word' id='word_1_139' title='bbox 63 1953 183 2006; x_wconf 78' lang='lat' dir='ltr'>Advolat</span> <span class='ocrx_word' id='word_1_140' title='bbox 193 1953 301 2003; x_wconf 87' lang='lat' dir='ltr'>interea</span> <span class='ocrx_word' id='word_1_141' title='bbox 310 1950 426 2000; x_wconf 75' lang='lat' dir='ltr'>fraterni</span> <span class='ocrx_word' id='word_1_142' title='bbox 436 1950 554 2000; x_wconf 85' lang='lat' dir='ltr'>vulneris</span> <span class='ocrx_word' id='word_1_143' title='bbox 565 1951 607 1999; x_wconf 82' lang='lat' dir='ltr'>ira</span> 
     </span>
     <span class='ocr_line' id='line_1_27' title="bbox 65 2019 868 2087; baseline -0.006 -13"><span class='ocrx_word' id='word_1_144' title='bbox 65 2023 208 2074; x_wconf 82' lang='lat' dir='ltr'>Turbatus</span> <span class='ocrx_word' id='word_1_145' title='bbox 219 2022 326 2087; x_wconf 84' lang='lat' dir='ltr'>Libyae</span> <span class='ocrx_word' id='word_1_146' title='bbox 340 2020 451 2085; x_wconf 84' lang='lat' dir='ltr'>ductor3</span> <span class='ocrx_word' id='word_1_147' title='bbox 470 2021 583 2087; x_wconf 79' lang='lat' dir='ltr'>visoque</span> <span class='ocrx_word' id='word_1_148' title='bbox 596 2034 702 2083; x_wconf 85' lang='lat' dir='ltr'>cruore,</span> <span class='ocrx_word' id='word_1_149' title='bbox 816 2019 868 2070; x_wconf 76' lang='lat'>345</span> 
     </span>
     <span class='ocr_line' id='line_1_28' title="bbox 64 2089 720 2158; baseline -0.009 -13"><span class='ocrx_word' id='word_1_150' title='bbox 64 2092 139 2146; x_wconf 89' lang='lat' dir='ltr'>Num</span> <span class='ocrx_word' id='word_1_151' title='bbox 150 2092 232 2143; x_wconf 83' lang='lat' dir='ltr'>lateri</span> <span class='ocrx_word' id='word_1_152' title='bbox 244 2093 344 2158; x_wconf 90' lang='lat' dir='ltr'>cuspis,</span> <span class='ocrx_word' id='word_1_153' title='bbox 355 2104 420 2140; x_wconf 90' lang='lat' dir='ltr'>num</span> <span class='ocrx_word' id='word_1_154' title='bbox 430 2095 490 2141; x_wconf 82' lang='lat' dir='ltr'>toto</span> <span class='ocrx_word' id='word_1_155' title='bbox 503 2089 624 2156; x_wconf 91' lang='lat' dir='ltr'>pondere</span> <span class='ocrx_word' id='word_1_156' title='bbox 634 2090 720 2140; x_wconf 90' lang='lat' dir='ltr'>telum</span> 
     </span>
     <span class='ocr_line' id='line_1_29' title="bbox 65 2157 773 2229; baseline -0.008 -14"><span class='ocrx_word' id='word_1_157' title='bbox 65 2161 201 2224; x_wconf 82' lang='lat' dir='ltr'>sedisset,</span> <span class='ocrx_word' id='word_1_158' title='bbox 211 2160 378 2229; x_wconf 85' lang='lat' dir='ltr'>fratremque</span> <span class='ocrx_word' id='word_1_159' title='bbox 389 2174 482 2210; x_wconf 91' lang='lat' dir='ltr'>amens</span> <span class='ocrx_word' id='word_1_160' title='bbox 493 2160 636 2227; x_wconf 87' lang='lat' dir='ltr'>sociosque</span> <span class='ocrx_word' id='word_1_161' title='bbox 649 2157 773 2227; x_wconf 84' lang='lat' dir='ltr'>rogabat.</span> 
     </span>
     <span class='ocr_line' id='line_1_30' title="bbox 63 2229 713 2301; baseline -0.009 -15"><span class='ocrx_word' id='word_1_162' title='bbox 63 2235 158 2301; x_wconf 83' lang='lat' dir='ltr'>thue</span> <span class='ocrx_word' id='word_1_163' title='bbox 169 2236 271 2282; x_wconf 88' lang='lat' dir='ltr'>metum</span> <span class='ocrx_word' id='word_1_164' title='bbox 282 2231 330 2280; x_wconf 91' lang='lat' dir='ltr'>leti</span> <span class='ocrx_word' id='word_1_165' title='bbox 340 2229 445 2298; x_wconf 90' lang='lat' dir='ltr'>procui,</span> <span class='ocrx_word' id='word_1_166' title='bbox 458 2235 486 2279; x_wconf 87' lang='lat' dir='ltr'>et</span> <span class='ocrx_word' id='word_1_167' title='bbox 496 2229 600 2279; x_wconf 79' lang='lat' dir='ltr'>leviora</span> <span class='ocrx_word' id='word_1_168' title='bbox 610 2244 713 2296; x_wconf 84' lang='lat' dir='ltr'>pavore</span> 
     </span>
     <span class='ocr_line' id='line_1_31' title="bbox 64 2300 757 2371; baseline -0.012 -15"><span class='ocrx_word' id='word_1_169' title='bbox 64 2303 213 2371; x_wconf 76' lang='lat' dir='ltr'>Cognovit,</span> <span class='ocrx_word' id='word_1_170' title='bbox 225 2301 336 2367; x_wconf 87' lang='lat' dir='ltr'>proprio</span> <span class='ocrx_word' id='word_1_171' title='bbox 348 2304 452 2349; x_wconf 86' lang='lat' dir='ltr'>tectum</span> <span class='ocrx_word' id='word_1_172' title='bbox 462 2300 613 2366; x_wconf 82' lang='lat' dir='ltr'>gestamine</span> <span class='ocrx_word' id='word_1_173' title='bbox 625 2314 757 2364; x_wconf 88' lang='lat' dir='ltr'>praeceps</span> 
     </span>
     <span class='ocr_line' id='line_1_32' title="bbox 64 2365 870 2436; baseline -0.014 -11"><span class='ocrx_word' id='word_1_174' title='bbox 64 2374 111 2426; x_wconf 84' lang='lat' dir='ltr'>Ex</span> <span class='ocrx_word' id='word_1_175' title='bbox 121 2373 182 2424; x_wconf 85' lang='lat' dir='ltr'>acie</span> <span class='ocrx_word' id='word_1_176' title='bbox 192 2371 279 2436; x_wconf 89' lang='lat' dir='ltr'>rapit,</span> <span class='ocrx_word' id='word_1_177' title='bbox 291 2375 320 2421; x_wconf 84' lang='lat' dir='ltr'>et</span> <span class='ocrx_word' id='word_1_178' title='bbox 329 2368 540 2419; x_wconf 88' lang='lat' dir='ltr'>tutisaturbine</span> <span class='ocrx_word' id='word_1_179' title='bbox 552 2383 660 2436; x_wconf 81' lang='lat' dir='ltr'>pugnae</span> <span class='ocrx_word' id='word_1_180' title='bbox 817 2365 870 2414; x_wconf 81' lang='lat'>350</span> 
     </span>
     <span class='ocr_line' id='line_1_33' title="bbox 65 2434 735 2496; baseline -0.016 -1"><span class='ocrx_word' id='word_1_181' title='bbox 65 2442 218 2496; x_wconf 81' lang='lat' dir='ltr'>Constituit</span> <span class='ocrx_word' id='word_1_182' title='bbox 230 2440 336 2490; x_wconf 87' lang='lat' dir='ltr'>castris.</span> <span class='ocrx_word' id='word_1_183' title='bbox 355 2438 479 2490; x_wconf 87' lang='lat' dir='ltr'>Medicas</span> <span class='ocrx_word' id='word_1_184' title='bbox 489 2434 553 2488; x_wconf 89' lang='lat' dir='ltr'>binc</span> <span class='ocrx_word' id='word_1_185' title='bbox 565 2439 641 2488; x_wconf 89' lang='lat' dir='ltr'>ocius</span> <span class='ocrx_word' id='word_1_186' title='bbox 653 2442 735 2496; x_wconf 87' lang='lat' dir='ltr'>artes,</span> 
     </span>
     <span class='ocr_line' id='line_1_34' title="bbox 64 2504 788 2574; baseline -0.018 -9"><span class='ocrx_word' id='word_1_187' title='bbox 64 2514 105 2566; x_wconf 81' lang='lat' dir='ltr'>Et</span> <span class='ocrx_word' id='word_1_188' title='bbox 115 2512 232 2564; x_wconf 87' lang='lat' dir='ltr'>senioris</span> <span class='ocrx_word' id='word_1_189' title='bbox 245 2523 326 2574; x_wconf 90' lang='lat' dir='ltr'>opem</span> <span class='ocrx_word' id='word_1_190' title='bbox 337 2504 453 2573; x_wconf 87' lang='lat' dir='ltr'>Synhali</span> <span class='ocrx_word' id='word_1_191' title='bbox 463 2512 560 2558; x_wconf 67' lang='lat' dir='ltr'>vocate</span> <span class='ocrx_word' id='word_1_192' title='bbox 579 2521 683 2573; x_wconf 87' lang='lat' dir='ltr'>ungere</span> <span class='ocrx_word' id='word_1_193' title='bbox 692 2504 788 2554; x_wconf 83' lang='lat' dir='ltr'>vulnus</span> 
     </span>
     <span class='ocr_line' id='line_1_35' title="bbox 63 2576 810 2642; baseline -0.016 -7"><span class='ocrx_word' id='word_1_194' title='bbox 63 2580 226 2635; x_wconf 85' lang='lat' dir='ltr'>Herbarum</span> <span class='ocrx_word' id='word_1_195' title='bbox 237 2576 282 2629; x_wconf 89' lang='lat' dir='ltr'>bic</span> <span class='ocrx_word' id='word_1_196' title='bbox 294 2578 392 2638; x_wconf 89' lang='lat' dir='ltr'>succis,</span> <span class='ocrx_word' id='word_1_197' title='bbox 404 2576 560 2642; x_wconf 87' lang='lat' dir='ltr'>ferrumque</span> <span class='ocrx_word' id='word_1_198' title='bbox 573 2590 588 2626; x_wconf 91' lang='lat' dir='ltr'>e</span> <span class='ocrx_word' id='word_1_199' title='bbox 601 2588 717 2642; x_wconf 90' lang='lat' dir='ltr'>corpore</span> <span class='ocrx_word' id='word_1_200' title='bbox 729 2581 810 2624; x_wconf 88' lang='lat' dir='ltr'>cantu</span> 
     </span>
     <span class='ocr_line' id='line_1_36' title="bbox 64 2642 768 2721; baseline -0.018 -16"><span class='ocrx_word' id='word_1_201' title='bbox 64 2654 198 2721; x_wconf 79' lang='lat' dir='ltr'>Exigere,</span> <span class='ocrx_word' id='word_1_202' title='bbox 210 2656 239 2702; x_wconf 87' lang='lat' dir='ltr'>et</span> <span class='ocrx_word' id='word_1_203' title='bbox 251 2663 374 2700; x_wconf 91' lang='lat' dir='ltr'>somnum</span> <span class='ocrx_word' id='word_1_204' title='bbox 386 2650 480 2699; x_wconf 88' lang='lat' dir='ltr'>tracto</span> <span class='ocrx_word' id='word_1_205' title='bbox 491 2645 603 2699; x_wconf 82' lang='lat' dir='ltr'>misisse</span> <span class='ocrx_word' id='word_1_206' title='bbox 614 2642 768 2710; x_wconf 62' lang='lat' dir='ltr'>cbelqdru,</span> 
     </span>
     <span class='ocr_line' id='line_1_37' title="bbox 60 2695 921 2790; baseline -0.021 -17"><span class='ocrx_word' id='word_1_207' title='bbox 60 2720 195 2773; x_wconf 74' lang='lat' dir='ltr'>Anteibat</span> <span class='ocrx_word' id='word_1_208' title='bbox 204 2724 331 2786; x_wconf 90' lang='lat' dir='ltr'>cunctos,</span> <span class='ocrx_word' id='word_1_209' title='bbox 343 2734 508 2790; x_wconf 87' lang='lat' dir='ltr'>nomenque</span> <span class='ocrx_word' id='word_1_210' title='bbox 519 2724 587 2772; x_wconf 87' lang='lat' dir='ltr'>erat</span> <span class='ocrx_word' id='word_1_211' title='bbox 592 2716 667 2770; x_wconf 80' lang='lat' dir='ltr'>inde</span> <span class='ocrx_word' id='word_1_212' title='bbox 677 2728 732 2782; x_wconf 69' lang='lat' dir='ltr'>per</span> <span class='ocrx_word' id='word_1_213' title='bbox 740 2708 838 2760; x_wconf 67' lang='lat' dir='ltr'>arses</span> <span class='ocrx_word' id='word_1_214' title='bbox 854 2695 921 2746; x_wconf 49' lang='lat'>“³³¹⁸</span> 
     </span>
    </p>
   </div>
   <div class='ocr_carea' id='block_1_3' title="bbox 0 0 966 2962">
    <p class='ocr_par' dir='ltr' id='par_1_5' title="bbox 0 0 966 2962">
     <span class='ocr_line' id='line_1_38' title="bbox 0 0 966 2962; baseline 0 0"><span class='ocrx_word' id='word_1_215' title='bbox 0 0 966 2962; x_wconf 95' lang='lat' dir='ltr'> </span> 
     </span>
    </p>
   </div>
  </div>
 </body>
</html>
