<?xml version="1.0" encoding="UTF-8"?>
<!DOCTYPE html PUBLIC "-//W3C//DTD XHTML 1.0 Transitional//EN"
    "http://www.w3.org/TR/xhtml1/DTD/xhtml1-transitional.dtd">
<html xmlns="http://www.w3.org/1999/xhtml" xml:lang="en" lang="en">
 <head>
  <title>
</title>
<meta http-equiv="Content-Type" content="text/html;charset=utf-8" />
  <meta name='ocr-system' content='tesseract 3.04.00' />
  <meta name='ocr-capabilities' content='ocr_page ocr_carea ocr_par ocr_line ocrx_word'/>
</head>
<body>
  <div class='ocr_page' id='page_1' title='image "./punicorumlibrix00italgoog/punicorumlibrix00italgoog_0355.png"; bbox 0 0 1920 2962; ppageno 0'>
   <div class='ocr_carea' id='block_1_1' title="bbox 198 110 806 167">
    <p class='ocr_par' dir='ltr' id='par_1_1' title="bbox 198 110 806 167">
     <span class='ocr_line' id='line_1_1' title="bbox 198 110 806 167; baseline 0.003 -3"><span class='ocrx_word' id='word_1_1' title='bbox 198 110 448 164; x_wconf 85' lang='lat' dir='ltr'><strong>PUNlCORUM</strong></span> <span class='ocrx_word' id='word_1_2' title='bbox 477 112 557 164; x_wconf 81' lang='lat' dir='ltr'><strong>hili.</strong></span> <span class='ocrx_word' id='word_1_3' title='bbox 584 112 658 166; x_wconf 81' lang='lat' dir='ltr'><strong>xvi.</strong></span> <span class='ocrx_word' id='word_1_4' title='bbox 754 115 806 167; x_wconf 84' lang='lat' dir='ltr'><strong>34&#39;l</strong></span> 
     </span>
    </p>
   </div>
   <div class='ocr_carea' id='block_1_2' title="bbox 61 229 864 1126">
    <p class='ocr_par' dir='ltr' id='par_1_2' title="bbox 66 229 742 294">
     <span class='ocr_line' id='line_1_2' title="bbox 66 229 742 294; baseline 0.001 -9"><span class='ocrx_word' id='word_1_5' title='bbox 66 234 134 285; x_wconf 90' lang='lat' dir='ltr'><strong>Cum</strong></span> <span class='ocrx_word' id='word_1_6' title='bbox 144 229 212 282; x_wconf 86' lang='lat' dir='ltr'><strong>fletu</strong></span> <span class='ocrx_word' id='word_1_7' title='bbox 224 234 305 294; x_wconf 89' lang='lat' dir='ltr'><strong>canit,</strong></span> <span class='ocrx_word' id='word_1_8' title='bbox 317 238 346 281; x_wconf 90' lang='lat' dir='ltr'><strong>et</strong></span> <span class='ocrx_word' id='word_1_9' title='bbox 355 237 501 283; x_wconf 75' lang='lat' dir='ltr'><strong>veneratur</strong></span> <span class='ocrx_word' id='word_1_10' title='bbox 511 231 587 284; x_wconf 84' lang='lat' dir='ltr'><strong>facta</strong></span> <span class='ocrx_word' id='word_1_11' title='bbox 596 234 742 286; x_wconf 85' lang='lat' dir='ltr'><strong>iacentum.</strong></span> 
     </span>
    </p>

    <p class='ocr_par' dir='ltr' id='par_1_3' title="bbox 65 300 699 369">
     <span class='ocr_line' id='line_1_3' title="bbox 65 300 699 369; baseline 0 -16"><span class='ocrx_word' id='word_1_12' title='bbox 65 302 131 354; x_wconf 82' lang='lat' dir='ltr'><strong>lade</strong></span> <span class='ocrx_word' id='word_1_13' title='bbox 142 300 228 352; x_wconf 88' lang='lat' dir='ltr'><strong>refert</strong></span> <span class='ocrx_word' id='word_1_14' title='bbox 238 317 299 352; x_wconf 91' lang='lat' dir='ltr'><strong>sese</strong></span> <span class='ocrx_word' id='word_1_15' title='bbox 310 303 398 364; x_wconf 93' lang='lat' dir='ltr'><strong>Circo,</strong></span> <span class='ocrx_word' id='word_1_16' title='bbox 411 308 439 352; x_wconf 91' lang='lat' dir='ltr'><strong>et</strong></span> <span class='ocrx_word' id='word_1_17' title='bbox 450 303 600 352; x_wconf 86' lang='lat' dir='ltr'><strong>certamina</strong></span> <span class='ocrx_word' id='word_1_18' title='bbox 611 303 699 369; x_wconf 89' lang='lat' dir='ltr'><strong>prima</strong></span> 
     </span>
    </p>

    <p class='ocr_par' dir='ltr' id='par_1_4' title="bbox 63 369 864 578">
     <span class='ocr_line' id='line_1_4' title="bbox 64 369 749 438; baseline -0.001 -15"><span class='ocrx_word' id='word_1_19' title='bbox 64 369 189 432; x_wconf 82' lang='lat' dir='ltr'><strong>Inchoat,</strong></span> <span class='ocrx_word' id='word_1_20' title='bbox 202 377 229 421; x_wconf 88' lang='lat' dir='ltr'><strong>et</strong></span> <span class='ocrx_word' id='word_1_21' title='bbox 240 371 350 437; x_wconf 88' lang='lat' dir='ltr'><strong>rapidos</strong></span> <span class='ocrx_word' id='word_1_22' title='bbox 363 386 457 422; x_wconf 90' lang='lat' dir='ltr'><strong>cursus</strong></span> <span class='ocrx_word' id='word_1_23' title='bbox 470 373 599 438; x_wconf 79' lang='lat' dir='ltr'>proponit</span> <span class='ocrx_word' id='word_1_24' title='bbox 610 386 749 438; x_wconf 85' lang='lat' dir='ltr'><strong>equorum.</strong></span> 
     </span>
     <span class='ocr_line' id='line_1_5' title="bbox 63 439 864 508; baseline 0.002 -16"><span class='ocrx_word' id='word_1_25' title='bbox 63 441 195 492; x_wconf 87' lang='lat' dir='ltr'><strong>Fluctuat</strong></span> <span class='ocrx_word' id='word_1_26' title='bbox 207 455 344 508; x_wconf 88' lang='lat' dir='ltr'><strong>aequoreo</strong></span> <span class='ocrx_word' id='word_1_27' title='bbox 354 439 465 492; x_wconf 77' lang='lat' dir='ltr'>fremitu</span> <span class='ocrx_word' id='word_1_28' title='bbox 476 441 605 507; x_wconf 83' lang='lat' dir='ltr'>rabieque</span> <span class='ocrx_word' id='word_1_29' title='bbox 616 440 767 504; x_wconf 87' lang='lat' dir='ltr'><strong>faventum,</strong></span> <span class='ocrx_word' id='word_1_30' title='bbox 812 442 864 495; x_wconf 75' lang='grc'><strong>315</strong></span> 
     </span>
     <span class='ocr_line' id='line_1_6' title="bbox 64 508 734 578; baseline -0.003 -17"><span class='ocrx_word' id='word_1_31' title='bbox 64 508 227 562; x_wconf 76' lang='lat' dir='ltr'><strong>carceribus</strong></span> <span class='ocrx_word' id='word_1_32' title='bbox 238 509 357 560; x_wconf 90' lang='lat' dir='ltr'><strong>nondum</strong></span> <span class='ocrx_word' id='word_1_33' title='bbox 368 512 507 572; x_wconf 75' lang='lat' dir='ltr'>reseratis,</span> <span class='ocrx_word' id='word_1_34' title='bbox 520 510 618 561; x_wconf 84' lang='lat' dir='ltr'>mobile</span> <span class='ocrx_word' id='word_1_35' title='bbox 628 510 734 578; x_wconf 76' lang='lat' dir='ltr'><strong>vulgus,</strong></span> 
     </span>
    </p>

    <p class='ocr_par' dir='ltr' id='par_1_5' title="bbox 62 577 733 717">
     <span class='ocr_line' id='line_1_7' title="bbox 62 577 733 647; baseline 0.003 -18"><span class='ocrx_word' id='word_1_36' title='bbox 62 581 151 647; x_wconf 80' lang='lat' dir='ltr'>Atque</span> <span class='ocrx_word' id='word_1_37' title='bbox 162 577 237 630; x_wconf 83' lang='lat' dir='ltr'><strong>fores</strong></span> <span class='ocrx_word' id='word_1_38' title='bbox 249 579 336 630; x_wconf 91' lang='lat' dir='ltr'><strong>oculis</strong></span> <span class='ocrx_word' id='word_1_39' title='bbox 348 585 377 630; x_wconf 89' lang='lat' dir='ltr'><strong>et</strong></span> <span class='ocrx_word' id='word_1_40' title='bbox 386 579 479 630; x_wconf 87' lang='lat' dir='ltr'><strong>limina</strong></span> <span class='ocrx_word' id='word_1_41' title='bbox 488 585 581 630; x_wconf 88' lang='lat' dir='ltr'><strong>servat</strong></span> <span class='ocrx_word' id='word_1_42' title='bbox 592 595 733 647; x_wconf 83' lang='lat' dir='ltr'><strong>equorum.</strong></span> 
     </span>
     <span class='ocr_line' id='line_1_8' title="bbox 63 648 733 717; baseline 0 -17"><span class='ocrx_word' id='word_1_43' title='bbox 63 650 185 716; x_wconf 88' lang='lat' dir='ltr'><strong>lamque,</strong></span> <span class='ocrx_word' id='word_1_44' title='bbox 197 648 245 698; x_wconf 89' lang='lat' dir='ltr'><strong>ubi</strong></span> <span class='ocrx_word' id='word_1_45' title='bbox 254 649 362 715; x_wconf 88' lang='lat' dir='ltr'><strong>prolato</strong></span> <span class='ocrx_word' id='word_1_46' title='bbox 373 663 491 700; x_wconf 88' lang='lat' dir='ltr'><strong>sonuere</strong></span> <span class='ocrx_word' id='word_1_47' title='bbox 502 649 635 716; x_wconf 81' lang='lat' dir='ltr'><strong>repagula</strong></span> <span class='ocrx_word' id='word_1_48' title='bbox 644 649 733 717; x_wconf 84' lang='lat' dir='ltr'><strong>signo,</strong></span> 
     </span>
    </p>

    <p class='ocr_par' dir='ltr' id='par_1_6' title="bbox 63 719 666 786">
     <span class='ocr_line' id='line_1_9' title="bbox 63 719 666 786; baseline -0.003 -16"><span class='ocrx_word' id='word_1_49' title='bbox 63 719 100 770; x_wconf 82' lang='lat' dir='ltr'><strong>Et</strong></span> <span class='ocrx_word' id='word_1_50' title='bbox 110 723 172 768; x_wconf 88' lang='lat' dir='ltr'><strong>toto</strong></span> <span class='ocrx_word' id='word_1_51' title='bbox 183 719 270 784; x_wconf 87' lang='lat' dir='ltr'><strong>prima</strong></span> <span class='ocrx_word' id='word_1_52' title='bbox 280 719 392 769; x_wconf 81' lang='lat' dir='ltr'><strong>emicuit</strong></span> <span class='ocrx_word' id='word_1_53' title='bbox 401 719 447 769; x_wconf 83' lang='lat' dir='ltr'><strong>rix</strong></span> <span class='ocrx_word' id='word_1_54' title='bbox 458 719 559 786; x_wconf 82' lang='lat' dir='ltr'><strong>ungula</strong></span> <span class='ocrx_word' id='word_1_55' title='bbox 571 734 666 780; x_wconf 91' lang='lat' dir='ltr'><strong>cornu,</strong></span> 
     </span>
    </p>

    <p class='ocr_par' dir='ltr' id='par_1_7' title="bbox 61 787 864 1126">
     <span class='ocr_line' id='line_1_10' title="bbox 63 787 864 841; baseline 0.001 -3"><span class='ocrx_word' id='word_1_56' title='bbox 63 787 219 838; x_wconf 86' lang='lat' dir='ltr'><strong>Tolliturin</strong></span> <span class='ocrx_word' id='word_1_57' title='bbox 231 787 337 838; x_wconf 89' lang='lat' dir='ltr'><strong>coelum</strong></span> <span class='ocrx_word' id='word_1_58' title='bbox 349 787 440 838; x_wconf 83' lang='lat' dir='ltr'><strong>furiali</strong></span> <span class='ocrx_word' id='word_1_59' title='bbox 450 787 557 839; x_wconf 87' lang='lat' dir='ltr'><strong>turbine</strong></span> <span class='ocrx_word' id='word_1_60' title='bbox 569 788 680 839; x_wconf 83' lang='lat' dir='ltr'><strong>elamor.</strong></span> <span class='ocrx_word' id='word_1_61' title='bbox 812 789 864 841; x_wconf 82' lang='grc'><strong>320</strong></span> 
     </span>
     <span class='ocr_line' id='line_1_11' title="bbox 61 857 782 925; baseline -0.001 -17"><span class='ocrx_word' id='word_1_62' title='bbox 61 857 210 923; x_wconf 88' lang='lat' dir='ltr'><strong>Pronique,</strong></span> <span class='ocrx_word' id='word_1_63' title='bbox 223 872 256 907; x_wconf 88' lang='lat' dir='ltr'><strong>ac</strong></span> <span class='ocrx_word' id='word_1_64' title='bbox 266 857 368 909; x_wconf 78' lang='lat' dir='ltr'><strong>similes</strong></span> <span class='ocrx_word' id='word_1_65' title='bbox 379 857 557 920; x_wconf 80' lang='lat' dir='ltr'><strong>certantibus,</strong></span> <span class='ocrx_word' id='word_1_66' title='bbox 570 872 618 908; x_wconf 89' lang='lat' dir='ltr'><strong>ore</strong></span> <span class='ocrx_word' id='word_1_67' title='bbox 631 862 782 925; x_wconf 85' lang='lat' dir='ltr'><strong>sequuntur</strong></span> 
     </span>
     <span class='ocr_line' id='line_1_12' title="bbox 62 926 793 994; baseline 0.001 -19"><span class='ocrx_word' id='word_1_68' title='bbox 62 926 186 993; x_wconf 73' lang='lat' dir='ltr'><strong>Quisque</strong></span> <span class='ocrx_word' id='word_1_69' title='bbox 196 941 260 977; x_wconf 91' lang='lat' dir='ltr'><strong>suos</strong></span> <span class='ocrx_word' id='word_1_70' title='bbox 273 941 377 989; x_wconf 82' lang='lat' dir='ltr'><strong>curma,</strong></span> <span class='ocrx_word' id='word_1_71' title='bbox 389 941 542 994; x_wconf 74' lang='lat' dir='ltr'><strong>magnaque</strong></span> <span class='ocrx_word' id='word_1_72' title='bbox 553 926 709 978; x_wconf 84' lang='lat' dir='ltr'><strong>volantibus</strong></span> <span class='ocrx_word' id='word_1_73' title='bbox 720 926 793 977; x_wconf 87' lang='lat' dir='ltr'><strong>idem</strong></span> 
     </span>
     <span class='ocr_line' id='line_1_13' title="bbox 61 995 803 1062; baseline -0.001 -15"><span class='ocrx_word' id='word_1_74' title='bbox 61 996 140 1048; x_wconf 84' lang='lat' dir='ltr'><strong>Voce</strong></span> <span class='ocrx_word' id='word_1_75' title='bbox 151 995 299 1062; x_wconf 86' lang='lat' dir='ltr'><strong>loquuntur</strong></span> <span class='ocrx_word' id='word_1_76' title='bbox 308 997 393 1062; x_wconf 87' lang='lat' dir='ltr'><strong>equis.</strong></span> <span class='ocrx_word' id='word_1_77' title='bbox 408 996 537 1056; x_wconf 76' lang='lat' dir='ltr'><strong>Quatitur</strong></span> <span class='ocrx_word' id='word_1_78' title='bbox 548 997 697 1048; x_wconf 79' lang='lat' dir='ltr'><strong>certamine</strong></span> <span class='ocrx_word' id='word_1_79' title='bbox 709 997 803 1047; x_wconf 87' lang='lat' dir='ltr'><strong>Circus</strong></span> 
     </span>
     <span class='ocr_line' id='line_1_14' title="bbox 61 1064 775 1126; baseline -0.004 -9"><span class='ocrx_word' id='word_1_80' title='bbox 61 1065 232 1126; x_wconf 87' lang='lat' dir='ltr'><strong>Certaatum,</strong></span> <span class='ocrx_word' id='word_1_81' title='bbox 244 1080 276 1114; x_wconf 87' lang='lat' dir='ltr'><strong>oc</strong></span> <span class='ocrx_word' id='word_1_82' title='bbox 288 1065 353 1115; x_wconf 91' lang='lat' dir='ltr'><strong>nulli</strong></span> <span class='ocrx_word' id='word_1_83' title='bbox 363 1069 483 1115; x_wconf 88' lang='lat' dir='ltr'><strong>mentem</strong></span> <span class='ocrx_word' id='word_1_84' title='bbox 493 1079 548 1115; x_wconf 92' lang='lat' dir='ltr'><strong>non</strong></span> <span class='ocrx_word' id='word_1_85' title='bbox 561 1065 673 1115; x_wconf 87' lang='lat' dir='ltr'><strong>abstulit</strong></span> <span class='ocrx_word' id='word_1_86' title='bbox 684 1064 775 1114; x_wconf 89' lang='lat' dir='ltr'><strong>ardor.</strong></span> 
     </span>
    </p>
   </div>
   <div class='ocr_carea' id='block_1_3' title="bbox 59 1133 864 1340">
    <p class='ocr_par' dir='ltr' id='par_1_8' title="bbox 59 1133 864 1340">
     <span class='ocr_line' id='line_1_15' title="bbox 60 1133 864 1200; baseline -0.001 -14"><span class='ocrx_word' id='word_1_87' title='bbox 60 1135 169 1186; x_wconf 88' lang='lat' dir='ltr'><strong>instant</strong></span> <span class='ocrx_word' id='word_1_88' title='bbox 180 1134 355 1199; x_wconf 81' lang='lat' dir='ltr'><strong>praecipites,</strong></span> <span class='ocrx_word' id='word_1_89' title='bbox 365 1137 395 1183; x_wconf 90' lang='lat' dir='ltr'><strong>et</strong></span> <span class='ocrx_word' id='word_1_90' title='bbox 405 1147 491 1200; x_wconf 89' lang='lat' dir='ltr'><strong>equos</strong></span> <span class='ocrx_word' id='word_1_91' title='bbox 500 1133 620 1183; x_wconf 91' lang='lat' dir='ltr'><strong>clamore</strong></span> <span class='ocrx_word' id='word_1_92' title='bbox 631 1133 793 1199; x_wconf 85' lang='lat' dir='ltr'><strong>gubernant.</strong></span> <span class='ocrx_word' id='word_1_93' title='bbox 812 1133 864 1186; x_wconf 74' lang='grc'><strong>323</strong></span> 
     </span>
     <span class='ocr_line' id='line_1_16' title="bbox 59 1200 698 1270; baseline -0.006 -15"><span class='ocrx_word' id='word_1_94' title='bbox 59 1203 172 1264; x_wconf 82' lang='lat' dir='ltr'><strong>Fulvus,</strong></span> <span class='ocrx_word' id='word_1_95' title='bbox 186 1216 303 1253; x_wconf 86' lang='lat' dir='ltr'><strong>arenosa</strong></span> <span class='ocrx_word' id='word_1_96' title='bbox 312 1217 426 1270; x_wconf 82' lang='lat' dir='ltr'><strong>surgens</strong></span> <span class='ocrx_word' id='word_1_97' title='bbox 438 1201 544 1264; x_wconf 84' lang='lat' dir='ltr'><strong>tellure,</strong></span> <span class='ocrx_word' id='word_1_98' title='bbox 556 1200 606 1252; x_wconf 90' lang='lat' dir='ltr'><strong>sub</strong></span> <span class='ocrx_word' id='word_1_99' title='bbox 617 1216 698 1252; x_wconf 87' lang='lat' dir='ltr'><strong>auras</strong></span> 
     </span>
     <span class='ocr_line' id='line_1_17' title="bbox 59 1271 717 1340; baseline -0.003 -15"><span class='ocrx_word' id='word_1_100' title='bbox 59 1272 186 1340; x_wconf 83' lang='lat' dir='ltr'><strong>Erigitur</strong></span> <span class='ocrx_word' id='word_1_101' title='bbox 195 1271 300 1340; x_wconf 79' lang='lat' dir='ltr'><strong>globus,</strong></span> <span class='ocrx_word' id='word_1_102' title='bbox 310 1278 393 1340; x_wconf 86' lang='lat' dir='ltr'><strong>atque</strong></span> <span class='ocrx_word' id='word_1_103' title='bbox 404 1273 494 1339; x_wconf 83' lang='lat' dir='ltr'><strong>operit</strong></span> <span class='ocrx_word' id='word_1_104' title='bbox 505 1271 620 1340; x_wconf 79' lang='lat' dir='ltr'><strong>caligine</strong></span> <span class='ocrx_word' id='word_1_105' title='bbox 631 1271 717 1324; x_wconf 84' lang='lat' dir='ltr'><strong>densa</strong></span> 
     </span>
    </p>
   </div>
   <div class='ocr_carea' id='block_1_4' title="bbox 55 1341 862 2656">
    <p class='ocr_par' dir='ltr' id='par_1_9' title="bbox 57 1341 862 2032">
     <span class='ocr_line' id='line_1_18' title="bbox 60 1341 726 1411; baseline -0.003 -17"><span class='ocrx_word' id='word_1_106' title='bbox 60 1341 299 1410; x_wconf 81' lang='lat' dir='ltr'><strong>cornipedumque</strong></span> <span class='ocrx_word' id='word_1_107' title='bbox 310 1344 377 1405; x_wconf 81' lang='lat' dir='ltr'><strong>vias,</strong></span> <span class='ocrx_word' id='word_1_108' title='bbox 387 1344 597 1411; x_wconf 79' lang='lat' dir='ltr'><strong>aurigarumque</strong></span> <span class='ocrx_word' id='word_1_109' title='bbox 608 1341 726 1393; x_wconf 86' lang='lat' dir='ltr'><strong>labores.</strong></span> 
     </span>
     <span class='ocr_line' id='line_1_19' title="bbox 59 1411 736 1482; baseline 0 -20"><span class='ocrx_word' id='word_1_110' title='bbox 59 1411 115 1462; x_wconf 90' lang='lat' dir='ltr'><strong>Hic</strong></span> <span class='ocrx_word' id='word_1_111' title='bbox 126 1411 217 1462; x_wconf 88' lang='lat' dir='ltr'><strong>studio</strong></span> <span class='ocrx_word' id='word_1_112' title='bbox 228 1411 295 1463; x_wconf 81' lang='lat' dir='ltr'><strong>iun&#39;t</strong></span> <span class='ocrx_word' id='word_1_113' title='bbox 304 1414 375 1464; x_wconf 81' lang='lat' dir='ltr'><strong>acris</strong></span> <span class='ocrx_word' id='word_1_114' title='bbox 387 1415 459 1482; x_wconf 88' lang='lat' dir='ltr'><strong>equi,</strong></span> <span class='ocrx_word' id='word_1_115' title='bbox 471 1412 538 1464; x_wconf 82' lang='lat' dir='ltr'><strong>furit</strong></span> <span class='ocrx_word' id='word_1_116' title='bbox 548 1413 593 1463; x_wconf 92' lang='lat' dir='ltr'><strong>ille</strong></span> <span class='ocrx_word' id='word_1_117' title='bbox 603 1413 736 1479; x_wconf 80' lang='lat' dir='ltr'><strong>magistri.</strong></span> 
     </span>
     <span class='ocr_line' id='line_1_20' title="bbox 59 1479 862 1546; baseline -0.001 -14"><span class='ocrx_word' id='word_1_118' title='bbox 59 1481 121 1532; x_wconf 90' lang='lat' dir='ltr'><strong>Hos</strong></span> <span class='ocrx_word' id='word_1_119' title='bbox 134 1482 240 1546; x_wconf 83' lang='lat' dir='ltr'><strong>patriae</strong></span> <span class='ocrx_word' id='word_1_120' title='bbox 252 1481 339 1544; x_wconf 82' lang='lat' dir='ltr'><strong>lavor,</strong></span> <span class='ocrx_word' id='word_1_121' title='bbox 352 1481 403 1534; x_wconf 87' lang='lat' dir='ltr'><strong>bos</strong></span> <span class='ocrx_word' id='word_1_122' title='bbox 413 1482 541 1534; x_wconf 88' lang='lat' dir='ltr'><strong>accendit</strong></span> <span class='ocrx_word' id='word_1_123' title='bbox 549 1480 641 1533; x_wconf 86' lang='lat' dir='ltr'><strong>nobile</strong></span> <span class='ocrx_word' id='word_1_124' title='bbox 651 1496 751 1532; x_wconf 87' lang='lat' dir='ltr'><strong>nomen</strong></span> <span class='ocrx_word' id='word_1_125' title='bbox 811 1479 862 1532; x_wconf 81' lang='grc'><strong>330</strong></span> 
     </span>
     <span class='ocr_line' id='line_1_21' title="bbox 59 1549 762 1618; baseline -0.001 -17"><span class='ocrx_word' id='word_1_126' title='bbox 59 1551 171 1615; x_wconf 85' lang='lat' dir='ltr'><strong>Antiqui</strong></span> <span class='ocrx_word' id='word_1_127' title='bbox 182 1549 288 1599; x_wconf 86' lang='lat' dir='ltr'><strong>stabuli.</strong></span> <span class='ocrx_word' id='word_1_128' title='bbox 319 1549 396 1613; x_wconf 83' lang='lat' dir='ltr'><strong>Sunt,</strong></span> <span class='ocrx_word' id='word_1_129' title='bbox 409 1566 477 1618; x_wconf 88' lang='lat' dir='ltr'><strong>quos</strong></span> <span class='ocrx_word' id='word_1_130' title='bbox 489 1566 552 1617; x_wconf 88' lang='lat' dir='ltr'><strong>spes</strong></span> <span class='ocrx_word' id='word_1_131' title='bbox 564 1556 645 1618; x_wconf 76' lang='lat' dir='ltr'><strong>grata</strong></span> <span class='ocrx_word' id='word_1_132' title='bbox 654 1550 762 1617; x_wconf 82' lang='lat' dir='ltr'><strong>fatiget,</strong></span> 
     </span>
     <span class='ocr_line' id='line_1_22' title="bbox 57 1615 802 1684; baseline -0.003 -13"><span class='ocrx_word' id='word_1_133' title='bbox 57 1621 96 1671; x_wconf 85' lang='lat' dir='ltr'><strong>Et</strong></span> <span class='ocrx_word' id='word_1_134' title='bbox 106 1631 180 1668; x_wconf 86' lang='lat' dir='ltr'><strong>nova</strong></span> <span class='ocrx_word' id='word_1_135' title='bbox 189 1615 262 1667; x_wconf 86' lang='lat' dir='ltr'><strong>ferre</strong></span> <span class='ocrx_word' id='word_1_136' title='bbox 273 1619 365 1684; x_wconf 84' lang='lat' dir='ltr'><strong>iugum</strong></span> <span class='ocrx_word' id='word_1_137' title='bbox 378 1621 477 1669; x_wconf 73' lang='lat' dir='ltr'><strong>cer-aix.</strong></span> <span class='ocrx_word' id='word_1_138' title='bbox 490 1618 567 1680; x_wconf 86' lang='lat' dir='ltr'><strong>Sunt,</strong></span> <span class='ocrx_word' id='word_1_139' title='bbox 579 1618 664 1669; x_wconf 85' lang='lat' dir='ltr'><strong>cruda</strong></span> <span class='ocrx_word' id='word_1_140' title='bbox 675 1623 802 1669; x_wconf 88' lang='lat' dir='ltr'><strong>senectus</strong></span> 
     </span>
     <span class='ocr_line' id='line_1_23' title="bbox 60 1686 770 1754; baseline -0.007 -14"><span class='ocrx_word' id='word_1_141' title='bbox 60 1689 138 1751; x_wconf 74' lang='lat' dir='ltr'><strong>Quos</strong></span> <span class='ocrx_word' id='word_1_142' title='bbox 149 1687 234 1748; x_wconf 84' lang='lat' dir='ltr'><strong>iuvet,</strong></span> <span class='ocrx_word' id='word_1_143' title='bbox 246 1690 274 1736; x_wconf 90' lang='lat' dir='ltr'><strong>et</strong></span> <span class='ocrx_word' id='word_1_144' title='bbox 286 1686 368 1754; x_wconf 84' lang='lat' dir='ltr'><strong>longo</strong></span> <span class='ocrx_word' id='word_1_145' title='bbox 380 1689 490 1754; x_wconf 90' lang='lat' dir='ltr'><strong>sonipes</strong></span> <span class='ocrx_word' id='word_1_146' title='bbox 501 1691 643 1753; x_wconf 86' lang='lat' dir='ltr'><strong>spectatus</strong></span> <span class='ocrx_word' id='word_1_147' title='bbox 653 1688 681 1735; x_wconf 92' lang='lat' dir='ltr'><strong>in</strong></span> <span class='ocrx_word' id='word_1_148' title='bbox 693 1700 770 1736; x_wconf 83' lang='lat' dir='ltr'><strong>aevo.</strong></span> 
     </span>
     <span class='ocr_line' id='line_1_24' title="bbox 58 1756 741 1822; baseline -0.007 -13"><span class='ocrx_word' id='word_1_149' title='bbox 58 1756 161 1810; x_wconf 80' lang='lat' dir='ltr'><strong>Evolat</strong></span> <span class='ocrx_word' id='word_1_150' title='bbox 172 1761 235 1806; x_wconf 90' lang='lat' dir='ltr'><strong>ante</strong></span> <span class='ocrx_word' id='word_1_151' title='bbox 247 1769 349 1817; x_wconf 91' lang='lat' dir='ltr'><strong>omnes,</strong></span> <span class='ocrx_word' id='word_1_152' title='bbox 361 1756 511 1822; x_wconf 86' lang='lat' dir='ltr'><strong>rapidoque</strong></span> <span class='ocrx_word' id='word_1_153' title='bbox 522 1769 572 1821; x_wconf 87' lang='lat' dir='ltr'><strong>per</strong></span> <span class='ocrx_word' id='word_1_154' title='bbox 582 1769 741 1805; x_wconf 86' lang='lat' dir='ltr'><strong>aera-eursu</strong></span> 
     </span>
     <span class='ocr_line' id='line_1_25' title="bbox 59 1823 862 1893; baseline -0.005 -15"><span class='ocrx_word' id='word_1_155' title='bbox 59 1826 196 1879; x_wconf 90' lang='lat' dir='ltr'><strong>Callaicas</strong></span> <span class='ocrx_word' id='word_1_156' title='bbox 207 1825 334 1891; x_wconf 85' lang='lat' dir='ltr'><strong>Lampon</strong></span> <span class='ocrx_word' id='word_1_157' title='bbox 345 1823 424 1893; x_wconf 85' lang='lat' dir='ltr'><strong>fugit,</strong></span> <span class='ocrx_word' id='word_1_158' title='bbox 437 1831 519 1892; x_wconf 88' lang='lat' dir='ltr'><strong>atque</strong></span> <span class='ocrx_word' id='word_1_159' title='bbox 528 1825 650 1892; x_wconf 84' lang='lat' dir='ltr'><strong>ingentia</strong></span> <span class='ocrx_word' id='word_1_160' title='bbox 660 1828 754 1874; x_wconf 86' lang='lat' dir='ltr'><strong>tranat</strong></span> <span class='ocrx_word' id='word_1_161' title='bbox 811 1823 862 1874; x_wconf 71' lang='grc'><strong>333</strong></span> 
     </span>
     <span class='ocr_line' id='line_1_26' title="bbox 58 1893 777 1962; baseline -0.01 -14"><span class='ocrx_word' id='word_1_162' title='bbox 58 1895 208 1948; x_wconf 86' lang='lat' dir='ltr'><strong>Exsultans</strong></span> <span class='ocrx_word' id='word_1_163' title='bbox 220 1895 318 1961; x_wconf 85' lang='lat' dir='ltr'><strong>spatia,</strong></span> <span class='ocrx_word' id='word_1_164' title='bbox 330 1901 358 1945; x_wconf 91' lang='lat' dir='ltr'><strong>et</strong></span> <span class='ocrx_word' id='word_1_165' title='bbox 368 1901 465 1946; x_wconf 84' lang='lat' dir='ltr'><strong>ventos</strong></span> <span class='ocrx_word' id='word_1_166' title='bbox 478 1899 541 1961; x_wconf 91' lang='lat' dir='ltr'><strong>post</strong></span> <span class='ocrx_word' id='word_1_167' title='bbox 551 1899 632 1962; x_wconf 85' lang='lat' dir='ltr'><strong>terga</strong></span> <span class='ocrx_word' id='word_1_168' title='bbox 641 1893 777 1960; x_wconf 89' lang='lat' dir='ltr'><strong>relinquit.</strong></span> 
     </span>
     <span class='ocr_line' id='line_1_27' title="bbox 58 1963 800 2032; baseline -0.005 -16"><span class='ocrx_word' id='word_1_169' title='bbox 58 1965 252 2028; x_wconf 89' lang='lat' dir='ltr'><strong>Conclamant,</strong></span> <span class='ocrx_word' id='word_1_170' title='bbox 274 1964 424 2032; x_wconf 88' lang='lat' dir='ltr'><strong>plausuque</strong></span> <span class='ocrx_word' id='word_1_171' title='bbox 442 1963 575 2026; x_wconf 85' lang='lat' dir='ltr'><strong>fremunt,</strong></span> <span class='ocrx_word' id='word_1_172' title='bbox 595 1965 706 2030; x_wconf 88' lang='lat' dir='ltr'><strong>votique</strong></span> <span class='ocrx_word' id='word_1_173' title='bbox 723 1977 800 2029; x_wconf 90' lang='lat' dir='ltr'><strong>pera·</strong></span> 
     </span>
    </p>

    <p class='ocr_par' dir='ltr' id='par_1_10' title="bbox 57 2038 862 2520">
     <span class='ocr_line' id='line_1_28' title="bbox 491 2038 610 2085; baseline -0.017 0"><span class='ocrx_word' id='word_1_174' title='bbox 491 2038 496 2047; x_wconf 82' lang='lat'><strong><em>‘</em></strong></span> <span class='ocrx_word' id='word_1_175' title='bbox 537 2040 610 2085; x_wconf 86' lang='lat' dir='ltr'><strong>ctam</strong></span> 
     </span>
     <span class='ocr_line' id='line_1_29' title="bbox 58 2103 704 2171; baseline -0.006 -15"><span class='ocrx_word' id='word_1_176' title='bbox 58 2105 194 2156; x_wconf 85' lang='lat' dir='ltr'><strong>Maiorem</strong></span> <span class='ocrx_word' id='word_1_177' title='bbox 207 2103 322 2156; x_wconf 86' lang='lat' dir='ltr'><strong>credunt</strong></span> <span class='ocrx_word' id='word_1_178' title='bbox 333 2109 482 2171; x_wconf 84' lang='lat' dir='ltr'><strong>praecepto</strong></span> <span class='ocrx_word' id='word_1_179' title='bbox 493 2104 578 2154; x_wconf 90' lang='lat' dir='ltr'><strong>limite</strong></span> <span class='ocrx_word' id='word_1_180' title='bbox 590 2107 704 2170; x_wconf 81' lang='lat' dir='ltr'><strong>partem.</strong></span> 
     </span>
     <span class='ocr_line' id='line_1_30' title="bbox 58 2172 663 2241; baseline -0.002 -17"><span class='ocrx_word' id='word_1_181' title='bbox 58 2174 102 2235; x_wconf 82' lang='lat' dir='ltr'><strong>At,</strong></span> <span class='ocrx_word' id='word_1_182' title='bbox 114 2177 174 2240; x_wconf 82' lang='lat' dir='ltr'><strong>quis</strong></span> <span class='ocrx_word' id='word_1_183' title='bbox 184 2174 299 2225; x_wconf 88' lang='lat' dir='ltr'><strong>interior</strong></span> <span class='ocrx_word' id='word_1_184' title='bbox 311 2188 385 2235; x_wconf 89' lang='lat' dir='ltr'><strong>cura,</strong></span> <span class='ocrx_word' id='word_1_185' title='bbox 398 2179 425 2224; x_wconf 86' lang='lat' dir='ltr'><strong>et</strong></span> <span class='ocrx_word' id='word_1_186' title='bbox 437 2172 582 2241; x_wconf 88' lang='lat' dir='ltr'><strong>prudentia</strong></span> <span class='ocrx_word' id='word_1_187' title='bbox 593 2173 663 2224; x_wconf 84' lang='lat' dir='ltr'><strong>Circi</strong></span> 
     </span>
     <span class='ocr_line' id='line_1_31' title="bbox 57 2239 862 2310; baseline -0.006 -16"><span class='ocrx_word' id='word_1_188' title='bbox 57 2243 155 2305; x_wconf 80' lang='lat' dir='ltr'><strong>Altior,</strong></span> <span class='ocrx_word' id='word_1_189' title='bbox 168 2242 268 2295; x_wconf 85' lang='lat' dir='ltr'><strong>effusas</strong></span> <span class='ocrx_word' id='word_1_190' title='bbox 279 2245 367 2310; x_wconf 83' lang='lat' dir='ltr'><strong>primo</strong></span> <span class='ocrx_word' id='word_1_191' title='bbox 381 2244 531 2294; x_wconf 85' lang='lat' dir='ltr'><strong>certamine</strong></span> <span class='ocrx_word' id='word_1_192' title='bbox 543 2244 614 2294; x_wconf 87' lang='lat' dir='ltr'><strong>vires</strong></span> <span class='ocrx_word' id='word_1_193' title='bbox 810 2239 862 2291; x_wconf 81' lang='lat'><strong>340</strong></span> 
     </span>
     <span class='ocr_line' id='line_1_32' title="bbox 58 2310 743 2380; baseline -0.004 -18"><span class='ocrx_word' id='word_1_194' title='bbox 58 2313 208 2375; x_wconf 88' lang='lat' dir='ltr'><strong>Damnare,</strong></span> <span class='ocrx_word' id='word_1_195' title='bbox 219 2318 248 2364; x_wconf 91' lang='lat' dir='ltr'><strong>et</strong></span> <span class='ocrx_word' id='word_1_196' title='bbox 259 2314 344 2364; x_wconf 84' lang='lat' dir='ltr'><strong>cassis</strong></span> <span class='ocrx_word' id='word_1_197' title='bbox 355 2312 438 2380; x_wconf 76' lang='lat' dir='ltr'><strong>longe</strong></span> <span class='ocrx_word' id='word_1_198' title='bbox 449 2314 614 2380; x_wconf 84' lang='lat' dir='ltr'><strong>increpitare</strong></span> <span class='ocrx_word' id='word_1_199' title='bbox 626 2310 743 2379; x_wconf 85' lang='lat' dir='ltr'><strong>qberelis</strong></span> 
     </span>
     <span class='ocr_line' id='line_1_33' title="bbox 58 2381 624 2448; baseline -0.004 -16"><span class='ocrx_word' id='word_1_200' title='bbox 58 2381 250 2448; x_wconf 77' lang='lat' dir='ltr'><strong>indispensato</strong></span> <span class='ocrx_word' id='word_1_201' title='bbox 260 2382 409 2434; x_wconf 72' lang='lat' dir='ltr'><strong>lmaatem</strong></span> <span class='ocrx_word' id='word_1_202' title='bbox 421 2397 540 2448; x_wconf 88' lang='lat' dir='ltr'><strong>corpora</strong></span> <span class='ocrx_word' id='word_1_203' title='bbox 550 2383 624 2443; x_wconf 90' lang='lat' dir='ltr'><strong>nisu;</strong></span> 
     </span>
     <span class='ocr_line' id='line_1_34' title="bbox 59 2449 799 2520; baseline -0.001 -19"><span class='ocrx_word' id='word_1_204' title='bbox 59 2452 122 2513; x_wconf 79' lang='lat' dir='ltr'><strong>Quo</strong></span> <span class='ocrx_word' id='word_1_205' title='bbox 134 2453 240 2515; x_wconf 88' lang='lat' dir='ltr'><strong>nimius,</strong></span> <span class='ocrx_word' id='word_1_206' title='bbox 253 2467 317 2520; x_wconf 91' lang='lat' dir='ltr'><strong>quo,</strong></span> <span class='ocrx_word' id='word_1_207' title='bbox 329 2453 432 2518; x_wconf 86' lang='lat' dir='ltr'><strong>Cyrno,</strong></span> <span class='ocrx_word' id='word_1_208' title='bbox 442 2449 516 2503; x_wconf 77' lang='lat' dir='ltr'><strong>ruisi</strong></span> <span class='ocrx_word' id='word_1_209' title='bbox 527 2453 537 2512; x_wconf 72' lang='lat' dir='ltr'><strong>i</strong></span> <span class='ocrx_word' id='word_1_210' title='bbox 544 2466 606 2501; x_wconf 90' lang='lat' dir='ltr'><strong>nam</strong></span> <span class='ocrx_word' id='word_1_211' title='bbox 618 2451 724 2514; x_wconf 84' lang='lat' dir='ltr'><strong>Cyrnus</strong></span> <span class='ocrx_word' id='word_1_212' title='bbox 736 2463 799 2516; x_wconf 83' lang='lat' dir='ltr'><strong>age·</strong></span> 
     </span>
    </p>

    <p class='ocr_par' dir='ltr' id='par_1_11' title="bbox 533 2520 599 2585">
     <span class='ocr_line' id='line_1_35' title="bbox 533 2520 599 2585; baseline -0.045 -12"><span class='ocrx_word' id='word_1_213' title='bbox 533 2520 599 2585; x_wconf 57' lang='lat' dir='ltr'><strong>batt</strong></span> 
     </span>
    </p>

    <p class='ocr_par' dir='ltr' id='par_1_12' title="bbox 55 2587 811 2656">
     <span class='ocr_line' id='line_1_36' title="bbox 55 2587 811 2656; baseline -0.005 -19"><span class='ocrx_word' id='word_1_214' title='bbox 55 2587 176 2637; x_wconf 82' lang='lat' dir='ltr'><strong>Verbera</strong></span> <span class='ocrx_word' id='word_1_215' title='bbox 188 2589 306 2656; x_wconf 80' lang='lat' dir='ltr'><strong>dimitte,</strong></span> <span class='ocrx_word' id='word_1_216' title='bbox 319 2599 351 2645; x_wconf 93' lang='lat' dir='ltr'><strong>et</strong></span> <span class='ocrx_word' id='word_1_217' title='bbox 361 2608 470 2649; x_wconf 85' lang='lat' dir='ltr'><strong>revoca</strong></span> <span class='ocrx_word' id='word_1_218' title='bbox 478 2587 811 2647; x_wconf 70' lang='lat' dir='ltr'><strong>moberatusbnloonaa·</strong></span> 
     </span>
    </p>
   </div>
   <div class='ocr_carea' id='block_1_5' title="bbox 38 2652 784 2730">
    <p class='ocr_par' dir='ltr' id='par_1_13' title="bbox 38 2652 784 2730">
     <span class='ocr_line' id='line_1_37' title="bbox 38 2652 784 2730; baseline 0.012 -29"><span class='ocrx_word' id='word_1_219' title='bbox 38 2652 105 2702; x_wconf 81' lang='lat' dir='ltr'><strong>Heu</strong></span> <span class='ocrx_word' id='word_1_220' title='bbox 118 2656 221 2710; x_wconf 83' lang='lat' dir='ltr'><strong>surdas</strong></span> <span class='ocrx_word' id='word_1_221' title='bbox 230 2665 335 2718; x_wconf 84' lang='lat' dir='ltr'><strong>aures!</strong></span> <span class='ocrx_word' id='word_1_222' title='bbox 349 2667 459 2723; x_wconf 84' lang='lat' dir='ltr'><strong>Fertur</strong></span> <span class='ocrx_word' id='word_1_223' title='bbox 473 2681 606 2723; x_wconf 84' lang='lat' dir='ltr'><strong>securas</strong></span> <span class='ocrx_word' id='word_1_224' title='bbox 617 2668 784 2730; x_wconf 57' lang='lat' dir='ltr'><strong>equorum·</strong></span> 
     </span>
    </p>
   </div>
   <div class='ocr_carea' id='block_1_6' title="bbox 0 0 964 2962">
    <p class='ocr_par' dir='ltr' id='par_1_14' title="bbox 0 0 964 2962">
     <span class='ocr_line' id='line_1_38' title="bbox 0 0 964 2962; baseline 0 2"><span class='ocrx_word' id='word_1_225' title='bbox 0 0 964 2962; x_wconf 95' lang='lat' dir='ltr'><strong> </strong></span> 
     </span>
    </p>
   </div>
  </div>
 </body>
</html>
