1920 2962
195 167 228 218 94
385 164 413 214 G.
442 160 546 213 SlLll
576 161 742 215 lTALlCl

165 287 185 335 ιθ
195 287 255 345 lle,
266 299 322 344 me,
335 299 404 351 quae
413 286 507 351 genui,
517 285 615 337 vestris
627 283 761 335 absumite
770 285 856 336 votis.

198 355 251 405 Cor
262 353 380 419 spoliare
390 354 467 403 iuvat
476 353 598 419 Libycas
609 350 662 402 hac
672 352 764 403 indole
774 352 890 405 terrasl

195 426 233 472 An
245 421 352 473 flendae
364 438 390 472 m
429 423 450 473 's
461 424 594 491 Aegates,
606 427 636 472 et
645 436 736 473 mersa
747 421 892 487 profundo

197 493 300 542 Punica
310 437 509 560 regnaalnrent,
521 491 585 542 olim
593 492 617 541 si
628 497 704 541 sorte
716 496 834 545 cruente

197 562 279 612 Esset
288 566 366 612 tanta
377 562 430 611 mei
441 561 527 611 virtus
537 565 685 627 praerepta
695 558 806 610 niarltii

136 632 186 682 805
198 631 291 693 llaec,
308 630 404 680 dubios
424 631 500 680 vano
516 629 670 697 Dirumque
690 626 893 699 hominumque

671 712 757 759 more,

196 768 236 818 Ad
249 772 330 819 cauta
340 768 451 820 illexere
460 768 573 834 Patres3
583 769 689 836 ipsique
700 766 839 831 relietum,

196 838 334 888 Abnueret
344 845 461 900 sortem,
474 854 508 888 an
520 836 654 904 Superum
666 840 778 904 pareret
788 832 901 889 honori.

197 909 266 957 'l'um
276 921 342 956 vero
353 906 491 972 trepidare
503 913 577 957 metu
588 908 633 956 vix
645 919 758 972 compos
768 904 878 969 Imilce,

195 976 362 1042 Magnanimi
373 979 497 1024 metuens
507 975 623 1025 immitia
634 975 720 1025 corda
729 974 831 1025 mariti.

137 1045 187 1093 810
198 1045 249 1094 His
261 1043 339 1093 avide
352 1042 466 1106 auditis,
478 1043 577 1094 ductor
588 1045 629 1095 sic
640 1043 737 1095 deinde
749 1042 906 1109 prolatore*

196 1112 267 1174 Quid
279 1112 328 1163 tibi
339 1127 389 1179 pro
401 1117 478 1164 tanto
490 1128 542 1163 non
552 1114 643 1180 impar
653 1127 765 1163 munere
775 1112 871 1164 solvat

195 1182 332 1233 Hannibal
344 1188 475 1249 aequatus
483 1180 612 1249 Superis?
628 1185 706 1244 Quae
716 1184 844 1248 praemia
856 1183 906 1251 dig

195 1253 340 1306 Inveniam.
353 1248 489 1319 Carthago
501 1250 615 1318 parensl
626 1251 797 1318 Noctemque
811 1251 906 1321 diemq

194 1322 276 1371 Arma
286 1318 386 1370 leram:
402 1320 563 1388 templisque
574 1322 628 1372 tuis
639 1319 701 1371 hine
713 1319 833 1387 plurima
844 1320 906 1373 laxe

135 1390 185 1439 815
198 1390 299 1440 Hostia
309 1388 343 1438 ab
353 1389 472 1439 Ausonio
483 1390 575 1440 veniat
585 1404 721 1458 generosa
732 1389 858 1450 Quirino.

194 1460 228 1508 nt
239 1473 306 1525 puer
317 1472 455 1508 armorum
467 1465 495 1509 et
503 1459 568 1510 belli
577 1460 732 1511 servabitur
742 1455 834 1510 heres.

195 1526 277 1594 Spes,
291 1542 307 1577 o
319 1532 395 1587 nate,
408 1541 500 1591 meae,
512 1530 712 1596 Tyriarumque
722 1529 806 1579 unica
817 1543 894 1580 rerur

194 1597 331 1663 Hesperia
343 1597 499 1660 minitante,
512 1598 599 1661 salus,
611 1607 739 1666 terraque
750 1596 882 1667 fretoque

196 1668 307 1718 Cartare
318 1667 465 1730 Aeneadis,
479 1668 541 1719 dum
553 1668 637 1718 stabit
647 1669 717 1729 rita,
729 1673 880 1718 memento.

137 1737 186 1786 820
198 1737 295 1805 Perge,
303 1742 399 1803 patent
408 1737 502 1803 ‚llpes;
514 1743 663 1806 nostroque
674 1734 800 1787 incumbo
812 1737 876 1788 labu

197 1808 251 1858 Vos
263 1823 384 1876 quoque,
396 1807 431 1856 Di
444 1808 538 1872 patrii,
552 1822 664 1874 quorum
677 1805 791 1856 delubra
802 1807 868 1871 pion

195 1877 342 1939 Caedibns,
355 1883 436 1942 atque
449 1877 501 1926 coli
513 1876 633 1942 gaudent
648 1874 793 1925 formidine
806 1884 864 1927 mat

195 1946 256 1996 lluc
267 1946 356 1995 laetos
367 1944 456 1993 vultus
469 1950 596 2012 totasque
608 1944 742 1994 advertite
753 1951 858 1996 mentes

195 2014 317 2081 Namque
329 2026 499 2079 peremere,
512 2018 540 2063 et
548 2016 667 2065 maiores
678 2012 776 2062 molior
788 2028 852 2065 aras

133 2083 183 2132 825
197 2086 253 2143 Tu,
264 2084 361 2149 Mago,
375 2080 482 2131 adversi
493 2083 605 2134 conside
615 2085 642 2133 in
653 2082 756 2133 vertice
767 2091 846 2134 mont

193 2154 236 2202 Tu
247 2152 341 2201 laevos
352 2150 465 2215 propior
475 2151 558 2203 colles
570 2152 686 2213 accede,
699 2149 838 2218 Choaspe.

191 2221 231 2271 nd
244 2219 363 2269 claustra
373 2223 401 2270 et
411 2217 506 2271 lauces
517 2221 600 2272 ducat
610 2237 660 2288 per
671 2235 759 2287 opaea
771 2219 836 2286 Syc'

192 2292 240 2340 ,ist
257 2302 309 2358 ego
320 2294 361 2350 te,
379 2285 735 2358 Thrasimene,ragoeu1n
752 2290 828 2341 milio

667 2374 698 2411 ee
719 2376 731 2408 s

193 2427 345 2491 lustrabo,
354 2433 383 2478 et
393 2424 505 2495 Superis
518 2443 646 2496 quaeram
656 2374 815 2479 libelminab

132 2497 184 2549 83⁰
196 2497 318 2565 Namque
342 2494 416 2548 haud
436 2511 520 2564 parra
545 2498 621 2549 Deus
647 2496 788 2565 promissis

666 2566 778 2633 opertis,

186 2635 266 2697 0⁹⁸⁰
273 2640 417 2706 uectae,
429 2634 494 2703 rin,
506 2635 625 2707 patriam
633 2634 762 2709 referatis
770 2635 798 2670 ⁴*-
