1920 2962
196 215 449 268 PUNICORUM
478 216 557 266 LlB.
580 215 654 268 xvi.
751 217 812 269 33³(¹

65 337 200 388 Fraterno
215 337 312 401 capite.
340 336 361 397 l,
373 335 481 401 duplica
491 351 561 386 nunc
574 335 679 401 perlida
687 335 766 395 bella,

65 407 103 456 Et
113 407 235 472 geminas
248 418 355 455 arcesse
367 406 448 454 acies.
465 406 543 455 Haec
554 407 676 471 praemia
687 410 799 465 restant,
811 405 862 454 820

66 475 120 535 Qui
130 480 178 524 tua
189 475 321 524 tramissis
332 475 453 538 optarint
462 474 571 540 Alpibus
582 488 666 523 arma.

67 544 235 609 Compressit
244 543 371 592 lacrimas
382 543 500 606 Poenus,
512 543 660 610 minuitque
671 541 784 592 serendo

67 614 231 663 Constanter
241 612 320 674 mma,
333 618 369 673 et,
380 611 492 663 inferias
502 614 529 662 in
541 618 664 677 tempore
676 611 771 678 dignas

65 681 212 731 Missurum
224 680 311 742 fratri,
323 681 415 731 clauso
428 685 640 731 commurmurat
650 695 707 731 ore.

67 751 147 811 Toni,
159 752 256 800 castris
267 749 363 815 procul
374 752 481 811 amotis,
495 750 609 800 aduersa
620 751 710 816 quieto
811 749 862 798 825

67 818 255 879 Dissimulans,
266 818 347 868 dubia
359 819 473 869 exclusit
486 821 635 870 certamina
644 818 751 869 Martis.

362 983 432 991 ...a--
446 982 575 990 ——--—..--·.

304 1068 484 1132 LIBER
528 1070 622 1132 XVl.

276 1190 657 1236 ARGUMENTUM.

124 1270 278 1313 Hannibalem
288 1268 378 1323 accepit
387 1268 527 1311 miserarutos
538 1267 634 1312 Bruttia
646 1271 710 1313 tellus

123 1327 267 1369 Maerentem
273 1326 370 1381 patriae
380 1337 450 1375 casus,
456 1324 596 1383 fratrisque,
607 1339 704 1382 serosque.

50 1396 54 1401 ·
123 1383 176 1426 Non
187 1389 264 1426 tamen
274 1382 371 1424 audebat
382 1394 512 1424 commansere
522 1381 600 1424 Roma
609 1381 714 1436 gementi.

127 1440 215 1482 Tantus
223 1445 275 1481 erat
283 1437 365 1494 Libyci
372 1444 443 1480 mena
453 1444 473 1480 et
479 1436 586 1493 formido
599 1437 698 1493 tyranni.

126 1494 207 1536 Omnia
217 1495 240 1536 in
250 1493 357 1549 auriferis
368 1493 415 1535 iarn
423 1493 504 1535 iurata
513 1494 633 1548 subegerat
642 1494 704 1536 arvis

124 1550 211 1605 scapio,
222 1549 270 1591 iam
280 1553 372 1591 dederat
375 1546 498 1603 fugientia
508 1550 606 1592 carbasa
615 1549 685 1592 ventis

123 1606 212 1648 Eautus
221 1603 303 1646 castris
312 1603 395 1656 Mago,
408 1604 454 1645 iam
466 1610 545 1658 caprtm
556 1611 577 1646 et
588 1603 670 1645 Hanno

123 1660 253 1704 Praebebat
260 1657 336 1700 Latiis
345 1655 430 1712 infelix
440 1660 501 1700 colla
511 1659 602 1700 eatenis.

124 1715 257 1759 Hasdrubal
265 1713 317 1756 laute
326 1712 398 1755 claretis
409 1716 461 1756 sarm
470 1712 554 1755 nescius
565 1717 646 1755 addere
655 1727 699 1756 sese

123 1771 237 1819 Festinat,
248 1769 348 1811 latebras
357 1767 430 1810 victas
441 1766 562 1811 certamine
572 1773 667 1821 spectat.

126 1828 186 1873 Dein
195 1823 319 1869 Masinissa
330 1837 388 1866 noco
399 1822 515 1877 coniungit
517 1821 614 1889 foedere
625 1827 730 1867 rteatram

125 1883 257 1940 Scipiarstae
266 1880 396 1935 sociatmque
405 1879 449 1922 sibi
458 1881 504 1921 elsae
514 1891 560 1934 epse
571 1875 701 1935 Syphacem

127 1939 252 1982 Conciliat:
257 1935 324 1992 facit
333 1936 386 1979 hine
397 1937 460 1978 ludos
466 1940 596 1991 patruoque
603 1934 719 1992 pestripue,

125 1996 158 2038 Et
165 1995 250 2050 repetit
258 1993 351 2036 Latium
357 1991 432 2048 fama
441 1996 563 2047 spargente
573 1991 717 2045 ertamptma

71 2088 195 2175 Bruttia
206 2124 372 2171 maerentem
384 2134 463 2170 casus
476 2119 635 2186 patriaeque
647 2133 764 2185 suosque

71 2190 252 2246 Hannibalem
264 2190 371 2254 accepit
383 2188 470 2239 tellus.
500 2188 555 2238 Hic
566 2202 666 2255 aggere
677 2195 770 2256 septus

71 2267 101 2315 ln
113 2269 220 2326 tempus
232 2258 322 2325 posita
334 2257 367 2306 ad
378 2257 561 2308 renovandum
572 2257 645 2308 bella
656 2257 798 2324 coquebat.

70 2332 184 2385 Abditas
195 2335 226 2378 ut
236 2326 312 2387 silva,
324 2325 436 2377 stabulis
447 2341 508 2376 cum
520 2331 610 2377 cesset
621 2326 744 2387 ademtis,

71 2403 186 2461 Amisso,
197 2402 299 2456 taurus,
311 2409 395 2460 regno
405 2396 505 2461 gregis,
518 2396 579 2444 avia
590 2393 682 2444 clauso
806 2440 809 2447 ,
849 2394 864 2444 5

67 2470 180 2522 Molitur
190 2466 261 2518 saltu
272 2464 429 2524 certamina,
441 2464 549 2529 iamque
560 2461 647 2513 feroci

67 2540 174 2606 Mugitu
186 2547 299 2586 nemora
311 2536 440 2593 exterret,
452 2546 554 2598 perque
565 2530 651 2581 ardua
662 2546 747 2583 cursu

67 2608 141 2659 Saxa
152 2607 218 2655 ruit:
228 2602 327 2654 sternit
336 2601 428 2665 silvas,
439 2616 580 2671 rupesque
587 2601 711 2652 lacessit

56 2677 134 2725 Irata
145 2672 261 2723 rabidus
271 2687 374 2725 cornu:
386 2675 490 2727 tremit
498 2674 595 2727 omnis
607 2671 646 2724 aa
656 2670 721 2721 alto

46 2743 244 2863 pfftllessiwi
253 2744 376 2813 scopulo
388 2755 496 2816 pastor
506 2741 684 2800 noromensi
692 2733 873 2850 wifam.
897 2712 940 2759 'm

30 2834 34 2840 ·
102 2823 205 2862 rarus
251 2827 333 2868 rar..
