1920 2962
176 139 243 227 'aaa
380 171 409 221 c.
439 167 543 221 sicu
573 166 741 219 iraarcr

189 295 318 353 Pectore,
330 290 440 342 lunonis
451 288 532 349 curis,
544 287 571 336 ia
581 286 674 337 nubila
684 288 778 338 vitam.

190 365 333 414 Tumvero
338 360 492 425 impatiens,
500 355 600 408 Vestra
605 352 721 407 esthaec
728 356 826 420 altera,
837 363 928 410 restra

129 433 179 486 560
190 434 287 494 Fraus,
296 430 393 496 inquit,
405 426 515 494 Superi=
526 439 581 476 nan
591 423 693 475 sallitis.
720 426 847 494 Aequore
858 442 927 479 mer·

330 527 333 533 -
665 510 725 544 sum

192 571 338 621 Texissent
350 563 464 631 scopuli,
476 563 642 631 pelagusque
654 560 791 615 hausisset
796 571 825 615 ct
831 565 927 616 undae.

189 641 264 699 Anne
274 633 338 686 huic
348 633 478 686 servabar
487 630 560 683 letoi
570 633 636 683 Mea
645 633 723 700 signa
734 635 833 696 secuti,

191 709 259 770 Quis
269 718 377 772 pugnae
393 703 544 768 auspicium
561 701 685 753 dedimus
679 737 698 822 b,
715 702 882 767 caeduntur3
900 709 926 754 et

663 786 680 821 a
699 785 762 823 sens

188 844 300 912 Accipio
311 841 429 960 qemitus
441 853 578 908 vocesque
588 846 617 892 et
629 840 713 891 verba
723 847 872 892 uocantum

128 915 177 967 565
190 911 318 965 Hanniba
329 925 380 962 em.
413 910 479 971 Quis
489 915 586 961 nostra
595 911 662 975 satis
672 909 775 961 delicta
784 911 873 977 piabit

188 983 339 1034 Tartareus
350 977 476 1030 turrensi
488 977 573 1030 Simul
584 978 653 1030 haec
664 978 807 1043 fundebat,
820 986 849 1031 et
859 995 910 1032 uua

188 1051 339 1119 Spectabat
349 1048 484 1113 dextram,
496 1064 529 1099 ac
540 1048 588 1099 leti
600 1048 725 1099 fervebat
736 1063 841 1101 amore.

188 1124 259 1174 Tum
270 1121 348 1182 Iuno,
359 1120 490 1169 miserata
500 1119 596 1181 virum,
608 1118 727 1185 pastoris
738 1119 765 1168 iu
777 1134 828 1170 ora

187 1191 320 1251 Vertitur,
333 1204 365 1239 ac
378 1188 451 1239 silvis
460 1188 552 1238 subito
564 1187 692 1254 procedit
703 1189 809 1254 opacis,

127 1261 177 1311 5Ίο
188 1262 275 1325 Atque
286 1257 328 1308 his
339 1256 392 1306 allo
412 1257 487 1307 uitur
496 1263 651 1307 versantem
661 1257 780 1325 ingloria
791 1257 864 1308 fata:

187 1330 329 1389 Quaenam
341 1328 368 1374 te
379 1273 454 1374 siivis
465 1326 599 1376 accedere
611 1341 694 1377 causa
704 1326 814 1395 subegit

186 1399 325 1448 Armatum
336 1391 454 1444 auctrici
464 1392 535 1445 Num
547 1393 615 1446 dura
626 1396 660 1446 ad
672 1395 778 1462 proelia
788 1396 885 1459 tendis,

186 1467 304 1533 Magnus
319 1462 366 1513 ubi
382 1464 517 1515 Ausoniae
538 1464 658 1532 reliquos
678 1465 774 1570 domqt
789 1465 922 1518 Hannibal

663 1549 761 1585 arnus.

188 1603 218 1656 Si
227 1602 307 1654 velox
318 1601 423 1670 gaudes
432 1603 482 1664 ire,
496 1607 524 1653 et
535 1602 697 1669 compendia
707 1611 789 1671 grata

125 1674 175 1724 515
189 1673 257 1725 Sunt
268 1673 327 1736 tibi,
338 1673 427 1722 vicino
437 1670 464 1722 in
476 1672 580 1724 medios
591 1679 620 1723 te
630 1675 740 1724 tramite
752 1675 860 1726 ducam.

185 1744 293 1805 Annuit,
306 1746 388 1807 atque
400 1749 497 1792 onerat
509 1743 648 1807 promissis
659 1744 775 1809 pectora
785 1745 869 1813 largis

185 1813 320 1873 Pastoris,
332 1810 484 1878 Patresque
496 1812 578 1862 docet
589 1810 762 1880 Carthaginis
775 1814 848 1866 altae

185 1882 288 1948 Magna
297 1893 471 1944 repensuros,
483 1896 533 1932 ure
545 1895 574 1932 se
585 1880 689 1932 leviora
700 1881 837 1934 daturum.

185 1950 369 2014 Praecipitem
380 1954 408 1998 et
419 1954 498 2000 vasto
511 1957 685 2016 superantem
696 1954 823 2016 proxima
833 1953 903 2004 saltu

126 2018 176 2071 58⁰
189 2018 354 2084 circumagit
365 2017 441 2080 luno,
454 2025 490 2082 et,
502 2019 597 2070 fallens
608 2020 720 2088 regione
731 2022 848 2084 riarum,

186 2087 247 2139 Non
257 2091 364 2154 gratam
374 2087 459 2138 inrito
470 2095 562 2138 servat
573 2090 662 2140 celata
672 2090 798 2141 salutem.

186 2157 295 2206 interea
309 2155 428 2205 Cadmea
439 2172 544 2219 manus,
556 2158 665 2209 deserta
676 2174 844 2228 pavensque,

184 2224 334 2276 Nonullum
340 2224 531 2287 Hannibalem,
541 2243 672 2295 nusquam
680 2231 922 2282 certamiuacemit

186 2292 266 2345 Saevi
277 2299 344 2344 nota
355 2293 440 2344 ducis.
455 2295 524 2345 Pars
535 2295 609 2347 ferro
622 2297 787 2350 occumbere
801 2301 922 2358 credunt,

121 2362 174 2413 585
184 2363 255 2414 Pars
262 2364 405 2415 damnasse
413 2365 509 2425 eciem,
521 2370 549 2414 et
556 2363 667 2431 Superis
674 2369 792 2420 cessisse
799 2369 921 2421 sinistris.

174 2435 287 2505 Ingruit
295 2433 443 2499 Ausonius,
453 2448 601 2502 versosque
612 2437 669 2503 agit
680 2450 800 2554 aequore
811 2445 872 2490 toto

165 2505 289 2574 Rector,
301 2511 421 2581 iamque
430 2510 511 2578 ipsae
518 2504 831 2574 trepidantssartxaqiuis
838 2521 921 2560 arccs.

156 2579 310 2649 impietur
323 2589 445 2636 terrore
455 2593 533 2650 vago
545 2581 649 2630 cuncta
658 2571 841 2636 sideraad-ds

148 2652 354 2723 Agminibus,
365 2656 548 2722 volucrique
556 2648 632 2715 iuga
640 2641 922 2722 ainemameruemes

67 2709 132 2768 590
149 2723 310 2784 Tendunt
325 2729 487 2785 attonitos
502 2728 644 2778 extrema
651 2710 788 2766 adiutura
796 2719 905 2762 cussus,
