1920 2962
229 134 482 228 Punicorum
511 158 591 231 nin.
617 181 656 230 ιι.
779 182 811 232 ro

72 298 151 359 Quae
163 310 234 345 nunc
246 301 374 346 externos
387 295 523 359 defendis,
535 298 636 361 Roma,
648 300 766 350 Penates

71 366 208 431 Tarpeios
217 365 317 414 iterum
327 365 455 430 scopulos
466 374 667 434 praeruptaque
678 383 746 419 saxa

72 434 218 486 Scandatis
229 433 307 494 licet,
319 441 347 482 et
358 433 459 484 celsam
472 437 592 502 migretis
603 438 630 486 in
642 452 742 498 arcem,

73 503 156 554 Nullo
166 503 223 551 iam
235 503 308 568 capti
318 503 402 552 vitam
413 503 562 568 pensabitis
573 520 649 556 auro.
840 506 872 557 35

73 572 183 625 Incensi
194 570 273 621 dictis
287 571 382 631 animi,
393 577 422 622 et
432 570 509 622 furor
521 573 628 624 additus
639 577 728 625 armis

75 640 209 692 conditur
220 639 356 704 extemplo
367 641 484 690 telorum
495 642 611 693 nubibus
623 641 726 705 aether,

73 711 112 762 Et
123 710 208 760 densa
217 713 347 758 resonant
357 723 485 759 saxorum
496 711 626 777 grandine
637 718 734 764 turres.

74 779 163 830 Ardor
175 779 246 844 agit,
257 783 389 843 provecta
399 785 482 844 queat
493 779 557 829 dum
570 795 681 831 cernere
692 795 792 842 muros,

74 849 159 913 Inque
171 846 257 897 oculis
268 845 400 912 profugae
411 847 528 897 Martem
547 863 676 899 exercere
687 851 804 900 carinae.
840 851 874 899 ill

75 917 138 982 lpse
149 921 242 966 autem
251 916 377 964 incensas
388 916 523 981 promissa
533 917 643 982 piacula
654 925 758 969 turmas

75 986 205 1051 Flagitat,
216 984 328 1050 insignis
338 984 441 1035 nudato
451 985 571 1047 vulnere,
583 986 694 1036 ductor:

76 1055 114 1103 Ac
125 1059 250 1119 repetens
263 1058 374 1119 questus
386 1052 531 1104 furibundo
544 1062 674 1119 personat
685 1071 746 1106 ore:

76 1123 228 1184 poscimur,
239 1122 344 1171 osociiz
363 1121 517 1188 Fabiusque
528 1138 543 1172 e
554 1138 645 1190 puppe
658 1129 770 1174 catenas

77 1193 214 1253 Ostentat‚
226 1190 382 1256 dominique
391 1197 473 1241 vocat
484 1206 534 1241 nos
544 1193 586 1241 ira
597 1191 722 1242 Senatus.
841 1190 874 1240 45

78 1259 107 1310 Si
118 1259 211 1309 taedet
224 1260 325 1325 coepti,
338 1259 505 1326 culpandave
515 1263 648 1311 monimus
660 1275 744 1322 arma,

75 1329 222 1381 Ausoniam
232 1333 316 1395 ponto
330 1343 446 1394 propere
456 1335 585 1380 revocate
597 1332 725 1380 carinam.

76 1397 120 1449 Nil
132 1412 238 1447 moror:
258 1398 367 1447 evincta
375 1398 550 1448 lacerandum
562 1400 662 1450 tradite
673 1399 780 1450 dextra.

76 1466 148 1517 Nam
159 1482 214 1527 our,
225 1466 277 1515 Eoi
289 1465 421 1516 deductus
434 1467 537 1533 origine
546 1469 616 1530 Beli,

62 1540 64 1544 ‘
77 1538 136 1585 Tot
145 1535 252 1600 Libyae
263 1535 378 1600 populis,
391 1541 433 1585 tot
443 1536 622 1587 circumfusus
633 1538 751 1597 Hiberis,
843 1533 876 1582 50

78 1604 224 1655 Servitium
235 1603 356 1669 perferre
366 1603 480 1670 negeml
500 1602 649 1656 Rhoeteius
658 1607 741 1656 immo

77 1675 198 1739 Imperet
209 1679 357 1733 aeternum,
370 1679 398 1723 et
409 1673 516 1738 populis
528 1675 661 1743 seclisque
672 1677 807 1740 propaget

76 1741 267 1809 Regnaferox:
285 1743 815 1807 nosiussavirdmnutusquetremamus.

75 1810 229 1864 Effundunt
239 1810 364 1874 gemitus,
377 1815 459 1873 atque
471 1809 562 1857 omina
571 1811 661 1858 tristia
672 1813 783 1857 rertrmt

76 1882 106 1932 ln
114 1875 398 1943 stirpemAeneadum,
406 1875 823 1928 aestimulantclamoribusiras.
843 1877 874 1926 55

76 1949 236 2000 Discinctos
244 1946 316 1995 inter
326 1944 438 2010 Libyas,
450 1945 619 2013 populosque
630 1946 762 2014 bilingues

77 2016 250 2069 Marmaricis
261 2013 351 2064 audax
360 2014 387 2063 in
399 2014 470 2065 bella
480 2016 614 2066 Oenotria
623 2017 706 2083 signis

78 2088 202 2139 Venerat
211 2083 323 2148 Asbyte,
335 2082 425 2148 proles
438 2083 612 2136 Garamantis
623 2086 753 2135 Hiarbac.

77 2150 824 2219 Hammonehiogenitus,PhorcynidosantraMedusae

81 2222 298 2290 Cinyphiumque
307 2222 415 2283 Macen,
427 2227 455 2272 at
465 2222 557 2289 iniquo
570 2239 584 2274 e
596 2224 654 2274 sole
665 2224 786 2274 calentes
844 2220 877 2270 dl)

78 2292 224 2344 Battiadas
234 2291 289 2340 late
299 2292 414 2356 imperio
426 2293 594 2359 sceptrisque
606 2293 732 2360 regebat:

80 2364 129 2413 Cui
141 2362 245 2427 patrius
256 2358 404 2421 Nasamon,
416 2365 610 2428 aeternumque
623 2362 700 2412 arida
709 2360 807 2420 Barce,
903 2370 908 2379 '

80 2433 129 2481 Cui
143 2445 255 2480 nemora
266 2429 429 2490 Autololum,
441 2435 523 2495 atque
533 2431 633 2481 infidae
644 2431 726 2480 litora
742 2427 832 2494 Syrtis

80 2500 228 2560 Parebant,
240 2497 365 2564 nullaque
376 2497 442 2548 levis
455 2498 586 2550 Gaetulus
597 2498 712 2550 habena.

81 2570 168 2635 Atque
178 2568 202 2617 is
214 2566 343 2616 frmdarat
353 2564 487 2618 thalamos
502 2568 651 2620 'l'ritonide
656 2565 804 2632 nymphas
855 2559 897 2602 ᾖ

81 2637 159 2687 Unde
170 2651 263 2702 genus,
273 2651 465 2707 proauumque
472 2640 576 2692 loram
583 2631 840 2708 reginaiereuavs

76 2706 114 2755 lit
121 2720 173 2756 sua
181 2703 299 2759 fatidico
311 2709 469 2778 repetebat
478 2709 704 2766 nominahueo·
