1920 2962
144 175 194 227 ²18
339 170 367 219 C.
396 158 500 219 leil
530 163 698 219 wamel

83 294 203 346 stolam
213 286 867 353 mariacoterrasprlmamqueiotruvcraturbsn.

140 360 278 413 Diffidunt
287 358 380 408 muris.
410 354 502 407 Solam
513 355 699 422 pavitantibus
710 370 804 408 arcem

144 430 302 498 Speravissc
312 433 356 478 sat
367 432 417 477 est.
429 423 487 476 Neo
498 426 570 475 euim
580 426 868 492 supersesoiuventm

142 501 181 550 Ac
192 505 266 550 stare
275 496 410 549 Ausoniae
421 508 538 546 vacuum
548 495 606 545 sine
618 507 737 561 corpore
746 508 847 546 nomeu

145 568 278 635 Quodque
291 564 361 618 adeo
371 563 491 616 noudum
502 564 589 631 portis
599 564 731 631 irruperit
741 561 835 625 hostis,

83 638 134 689 585
148 639 293 690 contemtu
304 648 413 685 cessare
423 639 529 700 putant.
558 634 616 684 lam
627 637 706 685 tacta
717 633 838 695 cremari,

144 708 182 758 ric
194 705 307 756 delubra
316 704 384 769 rapi,
396 702 549 770 caedesque
560 708 624 754 aute
634 717 685 754 ora
694 702 829 754 nefandae
902 740 904 749 .

144 775 287 836 Natorum,
299 778 458 840 septemque
469 786 546 823 arces
556 771 661 823 minare
671 772 809 823 videntur.

143 845 206 895 Lux
215 858 271 894 una
281 856 391 893 aversas
400 841 442 892 bis
453 846 561 892 centum
570 842 598 892 in
608 847 703 910 straga
715 841 830 904 curules,

144 916 182 964 Ac
191 916 318 964 iuvenum
328 910 370 961 bis
381 911 493 961 tricenis
505 909 603 961 orbata
613 911 744 978 gemebat

81 985 134 1034 590
145 982 266 1033 Millibus
277 977 427 1030 exhaustae
437 980 563 1037 nutantia
572 982 682 1032 moenia
696 980 817 1046 Romae3

142 1053 229 1118 Atque
245 1064 279 1100 ea
296 1053 361 1114 post
370 1047 516 1110 Trebiam,
536 1054 599 1115 post
610 1049 696 1170 'mci
711 1055 866 1119 stagoapro

648 1134 667 1168 ¹¹
697 1156 706 1183 r

143 1189 201 1241 Ncc
211 1189 316 1241 socium
328 1201 441 1238 numero
451 1187 556 1254 pariter
565 1187 668 1239 leviore
678 1194 814 1256 porcario.

143 1259 196 1310 Sed
209 1273 284 1318 vero,
295 1257 344 1307 sed
355 1257 428 1309 enim
438 1256 536 1325 reliqui
545 1257 593 1324 pia
603 1257 684 1308 turbo
694 1255 812 1310 Senatus

141 1329 258 1378 Munera
269 1327 367 1376 sortito
377 1324 517 1376 invadunt.
546 1325 624 1377 Celer
635 1328 729 1378 omnia
736 1327 847 1379 lustrata

80 1397 132 1447 595
145 1396 272 1446 Clamitat
283 1395 416 1444 attonitus
424 1393 536 1457 Fabius,
546 1394 609 1446 Non
619 1395 675 1446 ulla
683 1396 784 1448 relicta
791 1402 842 1449 esi·

143 1464 285 1528 (Credite)
306 1462 452 1514 cunctandi
473 1466 554 1516 ratio.
592 1464 866 1584 Appropemmmzd

638 1535 706 1585 ostis

144 1599 333 1667 Nequidquam
343 1608 465 1653 armatos
477 1605 550 1654 ausit
559 1603 708 1655 succedere
721 1618 822 1656 muros.

143 1671 220 1721 Dura
230 1672 302 1721 iuter
312 1671 428 1737 pavidos
438 1672 520 1723 alitur
530 1673 641 1724 fortuna
650 1671 783 1736 sedendo,

143 1741 181 1792 Et
190 1740 308 1808 gliscunt
318 1740 434 1794 adversa
443 1747 532 1792 metu:
543 1744 580 1793 ite
592 1743 677 1804 ocius,
689 1756 768 1794 arma

82 1810 133 1860 600
145 1811 278 1878 Deripite‚
292 1809 414 1877 opubes,
424 1810 541 1877 templis.
570 1813 627 1863 Vos
639 1812 711 1862 atrio
720 1812 821 1879 raptim

143 1879 261 1942 Nudate,
273 1886 301 1930 et
313 1879 427 1946 clypeos
437 1882 465 1932 in
475 1880 547 1931 bella
556 1882 662 1949 refigite
674 1887 782 1948 captos.

144 1947 194 1998 Sat
205 1950 312 2013 patriae
322 1964 428 2013 sumus3
441 1965 455 2001 e
467 1965 580 2001 numero
592 1952 614 2001 si
625 1951 660 2001 ad
670 1951 780 2017 proelia
788 1952 869 2000 nostrl

146 2014 190 2065 Nil
200 2017 296 2065 minuit
307 2031 401 2081 pavor.
431 2018 460 2068 ln
472 2019 571 2086 patulis
582 2020 628 2070 illa
637 2018 752 2071 horrida
764 2016 857 2085 campi!

147 2083 189 2134 Sit
200 2085 347 2135 metuenda
355 2085 427 2137 lues:
444 2103 537 2140 muros
549 2087 622 2139 baud
632 2088 748 2156 fregerit
758 2096 870 2157 uuquam

84 2153 136 2204 605
147 2152 294 2204 Exsultare
307 2155 374 2205 levis
385 2156 488 2207 nudato
501 2173 627 2224 corpore,
638 2159 763 2209 Maurus.

145 2222 217 2272 Dum
228 2222 331 2273 Fabius
342 2224 433 2290 lapsas
444 2228 518 2276 acuit
528 2226 673 2278 formidine
684 2233 802 2290 mantas,

145 2291 300 2343 Varronem
311 2292 460 2345 adventare
471 2311 556 2363 vagus
567 2312 617 2364 per
627 2298 738 2347 moenia
747 2309 838 2348 rumor

146 2359 265 2428 spargit,
277 2366 305 2412 at
317 2361 425 2413 occulto
437 2364 576 2430 perfundit
585 2372 700 2432 pectora
711 2372 798 2417 motu.

144 2431 226 2481 Haud
238 2446 333 2494 secus,
345 2447 378 2482 ac
388 2431 495 2484 fractae
505 2442 599 2486 rector
608 2436 630 2486 si
643 2435 716 2486 forte
730 2437 836 2487 carinae

83 2498 136 2549 olo
147 2500 288 2552 Litoribus
299 2502 373 2553 solus
383 2504 476 2553 vacuis
487 2518 521 2554 ox
532 2520 650 2572 aequore
661 2519 758 2572 sospes

138 2569 271 2636 Aduatet,
281 2572 383 2625 incerti
391 2572 542 2640 trepidarit,
548 2575 707 2632 teudautsc„
714 2577 845 2638 aegentia

130 2643 251 2696 laetato
265 2643 394 2707 dextras,
404 2643 554 2709 ipsamque
565 2640 651 2688 odero
659 2639 780 2686 salutm

128 2717 223 2770 Unius
239 2717 356 2770 amissa
365 2711 538 2783 superantis
545 2702 791 2774 puppemasgsstri.
