1920 2962
171 189 223 241 114
374 184 402 234 C,
432 181 535 237 SlLll
564 180 731 235 lrshlcl

171 309 277 369 Bestat,
288 308 326 369 io,
336 305 478 375 profugiat
494 304 553 358 Vos
563 318 596 354 en
609 302 644 353 ad
654 302 768 354 moelria
776 302 890 357 Romae

113 378 163 431 635
174 377 282 428 Ducitis
293 377 488 427 Hannibalem:
504 389 555 425 vos
565 375 593 423 in
603 372 726 439 'l'arpeia
734 372 881 425 Tonantis

175 448 265 497 Tecta
275 445 351 498 faces
362 444 518 513 ferrumque
528 443 608 493 datia
627 439 686 503 Sta,
696 440 790 504 mileu,
800 448 833 495 et
844 456 922 495 aereo

177 516 260 567 Disce
272 530 306 567 ex
316 531 359 567 me
370 530 491 584 pugnas:
509 512 561 574 rel,
573 513 596 562 si
607 525 730 578 pugnare
740 518 889 579 negatum,

176 585 260 637 Disce
271 587 349 636 mon'.
369 585 452 635 Dabit
462 581 615 648 exemplum
626 594 681 630 non
691 580 746 631 vile
756 578 865 633 mains

177 655 338 718 Flaminium
358 669 391 703 ne
402 659 481 721 terga
491 651 593 716 Libys,
604 664 639 700 ne
649 648 792 701 Cantaber
800 664 910 719 unquar

117 723 168 775 oli>
181 723 304 775 Consulis
316 724 439 789 aspiciat.
460 720 549 783 Solus,
561 720 585 770 si
594 723 673 769 tanta
682 718 769 769 libido

178 795 227 845 Est
237 792 315 843 robis
326 792 470 859 rabiesque
481 790 572 858 fugae,
583 788 640 840 tola
651 789 744 839 omnia
754 788 834 841 solus

178 864 295 914 Pectore
308 876 448 924 consumo,
460 866 489 912 et
499 861 627 919 moriens,
641 855 766 925 fugiente
778 870 917 925 pereum

178 932 239 982 Hac
251 931 349 991 anima,
360 936 466 981 vestras
477 927 614 980 revocabo
627 926 661 977 ad
671 926 780 994 proelia
790 927 908 979 (lm

178 1000 304 1064 Dumque
315 1012 348 1048 ea
357 1001 569 1058 commemorat,
588 996 743 1114 densqsquo
753 995 816 1047 oblt
825 996 916 1049 obilu

676 1069 762 1127 ostes,

119 1136 169 1188 ⁶45
180 1136 297 1188 Advolat
309 1151 359 1187 ora
369 1132 443 1186 ferus
454 1141 628 1201 mentemque
639 1135 792 1185 Ducariuss
811 1135 868 1185 aerl

180 1205 285 1257 Nomen
298 1210 358 1256 erat
369 1205 469 1270 gentile
481 1206 549 1266 viro,
561 1203 681 1271 fusisque
691 1205 812 1255 catervis

180 1277 311 1325 Boiorum
322 1273 457 1340 quondam
471 1275 575 1339 patriis,
586 1274 698 1340 antiqua
709 1271 827 1340 gerebat

180 1343 301 1396 Vulnera
310 1341 471 1391 barbaricae
482 1343 597 1392 mentis:
608 1356 780 1409 noscensque
791 1338 898 1408 superbi

179 1412 300 1464 Victoris
311 1410 410 1471 vultus,
422 1411 510 1472 Tune,
523 1412 624 1478 inquit,
633 1411 768 1461 maximus
777 1410 825 1463 ille

120 1481 169 1532 65⁰
181 1481 312 1531 Boiorum
323 1477 429 1529 terrori
452 1478 536 1531 Libet
547 1478 600 1531 hoc
612 1494 782 1548 cognoscere
792 1480 861 1543 telo,

181 1550 309 1617 Corporis
320 1564 354 1599 an
367 1549 436 1598 tanti
446 1555 539 1602 manet
549 1549 583 1601 de
593 1550 704 1602 vulnero
715 1551 836 1619 sanginis

180 1617 297 1671 Necros
308 1619 461 1686 poeniteat,
477 1620 637 1686 populares,
653 1617 772 1672 fortibus
781 1618 884 1671 umbris

180 1689 244 1740 Hoc
255 1695 377 1740 mactare
389 1694 480 1759 caput
498 1688 616 1741 Nostros
628 1688 673 1741 hie
682 1689 809 1742 curribus
819 1688 875 1758 egli

181 1761 310 1811 lusistens
323 1760 411 1811 victos
422 1760 479 1812 alta
490 1760 525 1811 ad
536 1760 672 1826 Capitolia
682 1766 785 1827 patres.

120 1829 170 1880 ⁶55
181 1830 269 1882 Ultrix
279 1829 348 1881 hora
357 1837 447 1882 vocat.
465 1831 575 1882 Pariter
585 1835 652 1881 tune
663 1830 783 1897 undique
792 1828 861 1881 lusis

181 1901 313 1951 Obruitur
323 1899 394 1961 telis,
406 1900 552 1967 nimboque
563 1903 660 1950 ruente
672 1913 721 1965 per
732 1912 814 1950 auras

181 1970 343 2027 Contectus,
354 1967 419 2016 nulli
431 1967 530 2019 (lextra
539 1970 644 2019 iactare
653 1968 763 2034 reliquit

179 2036 341 2086 Flaminium
353 2035 484 2087 cecidisse
494 2053 552 2088 sua.
570 2037 629 2089 Nec
639 2052 730 2105 pugna
741 2041 867 2103 peremto

181 2105 300 2156 Ulterior
310 2103 424 2155 ductore
436 2104 500 2157 fuit:
520 2121 637 2174 namque
650 2107 758 2174 agmine
769 2105 857 2157 denso

120 2175 170 2226 too
181 2175 320 2224 Primores
331 2172 467 2237 iuvenum,
477 2175 556 2226 laeva
568 2175 602 2226 ob
613 2175 771 2227 discrimina
781 2175 881 2226 Mortis

181 2241 280 2293 lnfensi
293 2239 404 2307 Superis
416 2243 584 2312 dextrisque,
596 2250 624 2297 et
635 2260 748 2297 cernere
760 2246 884 2298 Poenum

180 2313 322 2365 Victorem
333 2311 392 2377 plus
403 2317 492 2363 morte
504 2315 571 2376 rati,
582 2330 664 2382 super
675 2317 752 2368 ocius
764 2329 860 2367 omnes

180 2382 305 2433 Membra
316 2380 392 2430 ducis
403 2386 559 2450 stratosque
571 2391 646 2436 artus
658 2386 809 2437 certamine
821 2392 915 2451 maguti

181 2452 311 2518 Telaque,
323 2464 503 2519 corporaque,
516 2459 545 2503 et
553 2468 608 2505 non
619 2452 710 2505 lausto
723 2455 816 2506 Marte
825 2464 916 2504 emen·

653 2529 697 2574 tas

120 2591 171 2644 ⁶65
182 2592 303 2642 lniecere
314 2605 417 2641 manus.
447 2588 493 2641 Sic
504 2591 580 2644 densi
592 2592 683 2645 caedis
694 2605 804 2654 acerro,

173 2660 568 2728 Ceutumulo,texererirum.
582 2658 916 2725 'lumntrageqsrundm

51 2750 69 2802 a
161 2734 222 2792 Per
231 2735 322 2792 silvas
335 2752 456 2810 sparsa,
470 2746 582 2804 perque
591 2724 921 2825 altamsangmueffln
