1920 2962
204 168 460 222 Punicorum
489 169 570 221 LlB.
589 172 676 223 XVll.
766 172 816 225 att

77 293 130 343 dut
142 291 258 358 populos
269 290 363 353 tellus,
386 295 446 351 aut,
468 292 513 356 qui
527 293 618 356 patria
633 307 709 342 arma
726 306 816 342 niuve-

555 366 624 424 rent,

60 432 200 483 ‘Maiores
211 435 318 480 certare
330 428 422 480 duces.
451 429 691 482 Discriminisalta
828 430 878 481 390

78 502 109 552 ln
119 499 337 561 medio-merces,
351 498 481 566 quidquid
491 500 560 565 tegit
572 499 691 567 undique
702 499 817 550 coelum.

79 570 141 622 lbat
153 571 311 635 Agenoreus
322 566 497 635 praefulgens
508 568 607 619 ductor
618 571 645 619 in
656 574 742 631 ostro,

79 638 279 705 Excelsumque
290 642 373 702 eaput
385 652 474 702 penna
483 641 596 687 nutante
606 639 715 689 levabat

80 709 171 760 Crista
181 707 289 757 rubens.
317 705 421 757 Saevus
431 721 532 774 magno
544 707 577 758 de
589 709 697 759 nomine
709 714 800 759 terror

80 776 235 838 Praecedit,
246 775 383 844 Latioque
393 777 477 826 micat
487 777 557 828 bene
570 779 696 844 cognitus
709 778 789 828 ensis.
830 776 880 826 395

80 849 115 898 nt
126 852 224 897 contra
234 845 342 896 ardenti
352 845 480 896 radiabat
490 844 582 911 Scipio
596 861 691 908 cocco,

81 915 246 967 'l'erribilcm
256 919 397 967 ostentans
410 915 546 981 clypeum,
559 931 612 982 quo
625 917 712 983 patris
724 920 752 966 et
762 931 816 966 una

82 985 210 1038 Caclarat
221 985 311 1052 patrui
322 985 458 1050 spirantes
470 984 576 1049 proelia
585 985 645 1036 dira

80 1055 209 1122 Effigies:
220 1054 357 1104 flammam
368 1053 507 1120 ingentem
519 1052 595 1104 frons
607 1054 663 1105 alta
674 1056 810 1105 vomebat.

82 1123 138 1175 Sub
150 1129 228 1175 tanta
239 1124 345 1173 cunctis
356 1124 382 1172 ri
394 1122 565 1190 telorumque
578 1125 729 1190 virumque,
752 1131 757 1139 ’
830 1125 881 1174 400

82 1195 114 1245 ln
125 1193 238 1245 ducibus
249 1192 343 1243 stabat
353 1206 416 1257 spes
429 1197 457 1242 ct
467 1192 585 1242 victoria
595 1192 668 1243 solis.

83 1264 255 1324 Quinetiam,
268 1260 347 1311 lavor
356 1266 388 1312 ut
397 1261 500 1328 subigit
510 1261 655 1330 plerosque
668 1266 799 1324 metusve,

81 1330 173 1398 Scipio
184 1334 207 1383 si
219 1331 333 1398 Libycis
344 1336 419 1382 osset
430 1336 578 1399 generatus
588 1333 616 1383 in
628 1333 692 1395 oris,

80 1400 198 1468 Sceptra
209 1403 244 1453 ad
253 1403 411 1470 Agenoreos
423 1401 539 1454 credunt
550 1409 667 1455 ventura
677 1407 791 1470 nepotes

80 1471 219 1522 Hannibal
228 1473 345 1522 Ausonia
357 1474 465 1539 genitus
475 1473 499 1523 si
509 1473 574 1524 sede
585 1473 691 1535 fuisset,
798 1518 802 1527 ,
831 1467 882 1519 405

80 1540 165 1592 Haud
177 1539 302 1591 dubitant
313 1544 401 1592 terras
412 1540 483 1591 ltala
492 1542 520 1590 in
532 1541 634 1592 ditione
645 1541 761 1592 futuras.

82 1611 279 1659 Contremuere
292 1622 384 1670 aurae,
397 1609 494 1674 rapido
505 1609 675 1660 vibrantibus
686 1609 772 1660 hastis

82 1674 218 1736 Turbine,
241 1684 270 1724 ot
284 1672 442 1726 horrificam
457 1682 567 1728 traxero
584 1693 634 1743 per
652 1676 764 1727 aethera
775 1693 822 1727 nu·

559 1745 630 1796 bem.

82 1815 149 1870 lude
161 1815 243 1876 ensis,
255 1813 421 1881 propiorque
432 1815 515 1875 acies,
526 1818 555 1864 et
567 1817 717 1867 comminus
728 1830 778 1867 ora

81 1886 208 1947 Admota,
220 1899 253 1935 ac
265 1884 325 1934 dira
335 1882 480 1951 flagrantia
491 1883 594 1934 lumina
603 1883 721 1934 flamma.
831 1887 883 1936 410

83 1955 220 2008 Sternitur
228 1956 256 2005 in
268 1953 386 2004 medium
399 1954 563 2004 contemtrix
574 1953 656 2005 turba
666 1954 769 2021 pericli,

84 2028 161 2089 Quae
173 2025 265 2091 primis
278 2039 308 2075 se
320 2024 498 2090 praecipitem
508 2025 571 2073 tulit
579 2023 665 2074 obvia
674 2024 744 2087 telis,

84 2096 273 2163 Gentilemque
284 2094 354 2145 bibit
364 2093 444 2145 tellus
454 2094 540 2143 invita
551 2108 686 2144 cruorem.

81 2165 215 2218 Ferridus
225 2164 326 2232 ingenii
336 2163 491 2226 Masinissa,
504 2168 532 2214 et
543 2163 664 2215 fervidus
676 2165 744 2225 aevi,

82 2238 113 2288 ln
124 2236 225 2302 primas
236 2236 377 2286 Macetum
388 2238 492 2284 turmas
501 2234 631 2285 immania
643 2234 766 2285 membra
832 2230 884 2282 415

81 2305 177 2368 lnfcrt,
190 2312 219 2356 ct
229 2303 320 2355 iaculo
333 2303 512 2355 circumvolat
524 2305 588 2356 alito
600 2320 735 2370 eampum.

83 2375 213 2428 Caerulus
225 2372 298 2424 baud
310 2373 399 2434 aliter,
412 2389 473 2424 cum
485 2374 605 2437 dimicat,
616 2373 709 2424 incola
721 2371 824 2422 Thules

81 2446 197 2514 Agmina
208 2442 333 2494 falcifero
347 2445 524 2494 circumvenit
534 2450 595 2495 arta
606 2444 731 2494 covinno.

85 2515 171 2567 Graia
181 2513 299 2581 phalanx
310 2514 399 2580 patrio
411 2513 541 2564 densarat
550 2528 627 2564 more
638 2519 775 2573 catervas,

82 2584 239 2651 Innixisque
251 2583 344 2636 adstat
353 2583 421 2636 nulli
430 2581 729 2654 penetrabilisbast‘xs.
853 2572 913 2617 Ψ

74 2654 226 2704 Immemor
235 2651 286 2707 has
298 2658 378 2726 pacti
389 2663 459 2728 post
469 2643 876 2708 leodosinnxnxnrximnnffi

67 2722 197 2788 Mfwfflb
209 2729 242 2777 02
253 2742 397 2798 quassam
409 2730 576 2788 refouebat
586 2709 873 2838 ngcnos'xgxgffffi·
