1920 2962
159 166 210 218 aas
363 164 391 214 c.
418 160 521 215 srnrr
549 159 716 216 rrnnrcr
758 126 761 131 ¹

160 254 314 337 Germanus
329 289 409 351 terga
423 282 593 334 Hannibalis.
621 282 677 334 Pru
694 283 816 336 barbara
831 264 896 336 nun·

634 368 716 420 quam

159 424 305 490 lmpulluta
314 422 396 474 fides!
407 422 535 474 Peterem
548 438 609 474 curn
619 423 708 474 victur
719 422 833 476 adesum

99 495 149 544 680
161 493 289 545 Cladibus
301 491 518 556 Hasdrubalem
529 492 620 543 subito
630 493 736 556 renale,
748 492 875 545 cohortes

159 564 310 630 Hispanae,
322 562 429 630 vulgus,
442 561 542 628 Libyci
555 578 622 630 quas
633 561 740 614 fecerat
751 565 811 614 auri

159 632 325 696 Hasdrubal,
337 633 456 698 abrupte
468 631 606 700 liquerunt
616 633 724 699 agmine
736 634 823 700 signa.

159 704 237 754 Tunc
250 701 338 753 hostis
349 703 425 753 socio
437 701 563 753 desertos
574 702 659 753 milite
669 720 676 765 ;
687 702 804 753 multum
876 763 879 767 ⁴
890 758 892 765 ¹

157 773 251 824 Ditlnr
260 775 319 838 ipse
330 773 404 834 viris,
417 773 505 839 spisso
518 770 699 822 circumdedit
709 772 786 824 orbe.
884 772 888 781 ⁴

98 841 148 892 085
158 842 220 894 Nun
232 844 323 909 segnis
336 842 416 892 nabis
426 856 478 893 nec
489 841 591 903 inultis,
603 847 677 903 nate,
687 848 805 908 peraeta
815 847 854 893 est

158 913 208 962 llla
217 926 346 978 suprema
357 912 424 973 dies,
438 916 466 962 et
477 911 558 962 laude
569 911 727 963 inclusimus
739 926 842 964 aetum.

157 981 270 1046 Excipit
279 980 343 1031 inde
354 996 419 1032 suus
430 979 517 1031 frater
529 982 696 1047 coniungere
707 996 797 1033 casus.

156 1050 292 1104 Excelsae
303 1052 386 1101 turris
398 1055 462 1117 post
472 1051 568 1101 ultima
578 1051 660 1101 rebus
671 1052 699 1100 in
711 1052 780 1102 artis
879 1067 889 1111 ι,

158 1119 315 1174 Subsidium
327 1128 462 1190 optaram,
475 1135 657 1190 supremaque
668 1119 741 1172 bella
752 1121 860 1174 aiebam.

97 1191 147 1242 690
159 1194 308 1244 Fumantes
320 1193 425 1256 taedas,
437 1208 470 1243 ac
479 1194 538 1244 lata
546 1190 674 1243 incendia
684 1193 796 1259 passim,

157 1263 195 1312 let
206 1261 278 1311 mille
290 1263 409 1312 iniecere
420 1261 504 1314 faces.
533 1261 578 1312 Nil
588 1263 697 1314 nomine
708 1262 758 1313 leti

158 1330 200 1382 De
218 1328 331 1396 Superis
348 1346 456 1396 queror.
491 1331 573 1382 Haud
591 1347 676 1399 parvo
693 1330 760 1383 data
779 1330 888 1383 membra

635 1402 763 1468 sepulcro

157 1468 260 1521 Nostra
272 1475 463 1520 cremaverunt
477 1471 506 1520 in
522 1477 611 1523 morte
623 1470 800 1523 haerentibus
811 1469 888 1522 amus

158 1537 213 1592 Sed
224 1554 269 1608 me
279 1539 369 1591 luctus
380 1538 479 1603 habet,
490 1543 616 1610 geminae
626 1557 661 1593 ne
673 1541 752 1593 clade
763 1543 854 1593 ruinae

98 1609 148 1660 695
162 1610 283 1661 cesserit
293 1609 388 1661 affusis
400 1625 532 1678 oppressa
542 1611 679 1677 Hispania
690 1611 801 1663 Poenis.

159 1681 262 1732 Contra
274 1695 344 1748 quae
355 1682 460 1732 iuvenis
471 1681 582 1732 turbato
594 1681 703 1733 fletibus
717 1697 780 1733 ore:

156 1751 204 1812 Ill,
233 1765 327 1814 uaesa,
339 1757 370 1802 ut
380 1752 479 1802 merita
489 1757 540 1814 est,
552 1751 649 1819 dignas
661 1766 712 1818 pro
723 1750 823 1803 talibus
829 1746 889 1800 ausis

159 1822 224 1871 Cart
245 1836 297 1888 ago
310 1821 448 1888 expendat
458 1836 570 1888 poenas.
600 1818 655 1872 Sed
667 1823 792 1872 continet
802 1832 871 1871 acres

158 1890 283 1955 Pyrenes
295 1891 421 1956 populos,
434 1893 488 1957 qui,
499 1897 592 1942 vestro
604 1892 696 1941 Marte
708 1890 849 1957 probatus,

97 1961 148 2008 700
160 1959 279 2023 Excepit
290 1957 388 2022 lessus,
401 1965 430 2011 et
438 1962 512 2011 notis
523 1961 645 2011 Marcius
656 1961 741 2012 armis

160 2026 300 2079 Successit
310 2027 392 2079 bellu·
420 2030 508 2080 Fusus
521 2045 629 2097 quoque
641 2029 717 2080 lama
727 2029 835 2081 ferebat

159 2097 288 2149 Victores
300 2099 368 2159 acie,
380 2104 463 2166 atque
475 2105 575 2150 exacta
584 2099 694 2167 piacula
706 2099 808 2151 caedis.

159 2167 210 2216 His
221 2166 287 2216 laeti
296 2167 404 2218 rediere
415 2167 499 2220 duces
508 2169 571 2220 loca
581 2183 698 2219 amoena
709 2171 828 2236 piorum:

159 2236 393 2303 Prosequiturque
406 2237 492 2288 oculis
503 2255 573 2306 puer
585 2238 770 2289 adveneratus
783 2240 880 2288 euntes.

97 2307 148 2356 705
162 2308 273 2373 lamque
286 2305 383 2356 aderat
392 2307 479 2357 multa
491 2309 536 2358 vix
548 2307 740 2377 agnoscendus
751 2309 781 2358 in
792 2306 881 2358 umbra

158 2375 278 2438 Paullus,
290 2382 318 2426 et
328 2384 410 2442 epoto
421 2376 555 2429 fundebat
565 2378 697 2445 sanguine
708 2378 808 2428 verbas

157 2445 222 2496 hux
231 2445 339 2507 Italum,
351 2447 427 2498 cuius
439 2449 563 2513 spectavi
573 2448 676 2499 Martia
687 2445 774 2510 facta,

152 2516 279 2569 Multum
289 2533 345 2569 unu
357 2519 548 2581 maicrau'us,
556 2517 722 2568 descendere
732 2518 820 2579 nacti,

149 2591 248 2658 Atque
260 2586 424 2640 habitanda
432 2588 522 2639 semel
535 2586 638 2651 subigit
646 2577 898 2650 quxsmssmegsal

76 2659 137 2715 710
150 2662 214 2716 Cui
226 2664 336 2714 contra
347 2659 425 2714 tales
436 2653 664 2715 siiunansupxs
672 2664 774 2698 nuces:

142 2737 357 2806 Armipotens
371 2730 494 2791 ductor,
503 2738 591 2794 quam
601 2709 927 2775 anastasianam&
