1920 2962
140 175 175 229 16
332 176 360 227 G.
390 172 495 226 SlLll
525 171 688 223 1'raLlcl

141 293 252 363 Spicula
263 300 434 363 torquentur,
446 297 554 360 statque
566 305 645 343 omne
657 293 684 341 in
696 304 816 357 corpore
824 286 867 345 ie'l

616 376 685 411 rum.

140 435 195 484 llic
204 434 276 485 inter
286 432 408 498 trepidos
419 432 537 480 immane
549 430 686 491 Quirinius
697 428 811 493 audens,

142 504 191 554 Cui
202 502 298 570 fugere
308 502 440 569 ignotum,
448 505 529 566 atque
538 500 641 549 invicta
651 503 742 548 mente
752 498 867 565 placebo

141 573 232 623 Rebus
243 574 271 622 in
285 570 405 625 adversis
418 575 563 634 exceptum
573 579 688 635 pectore
698 567 794 631 letum,

83 641 132 692 195
145 642 262 708 cuspide
278 639 401 690 flammat
415 652 526 705 equum,
546 651 578 687 ac
595 637 729 705 dispergit
743 651 830 704 gaesa
844 639 867 691 le

619 712 709 756 certo:

143 777 172 830 Si
182 792 305 830 reserare
315 778 397 838 riam,
408 782 489 843 atque
500 777 535 827 ad
547 790 640 843 regem
652 789 780 840 rumpere
789 774 865 829 ferro

142 849 231 900 Detur
240 850 307 912 iter;
326 851 470 913 certusque
481 848 556 897 necis
566 846 636 912 petit
647 843 773 895 omnibus
782 848 865 911 ausis,

142 917 223 978 Quod
234 921 353 983 nequeat
363 916 473 977 sentire,
487 915 578 965 decus.
599 914 678 964 Cadit
687 914 867 981 inguineiore

143 985 285 1046 Teutalus,
297 989 325 1034 et
335 989 414 1033 vasto
427 984 548 1050 quatitur
559 982 608 1033 sub
620 982 741 1048 pondere
751 984 844 1037 tellus.

83 1058 133 1106 200
146 1052 291 1106 Occumbit
302 1050 440 1114 Sarmens,
451 1049 549 1102 flavam
561 1052 606 1119 qui
616 1066 719 1118 ponere
731 1052 823 1106 victor

143 1125 298 1175 Cacsariem
310 1122 466 1187 crinemque
476 1122 535 1183 tibi,
549 1120 681 1183 Gradive,
693 1121 815 1175 vovebat

142 1195 214 1244 Auro
226 1196 390 1252 certantem,
402 1196 429 1240 et
439 1191 548 1240 rutilum
561 1191 610 1241 sub
621 1192 724 1241 vertice
736 1193 849 1244 nodum.

143 1261 197 1314 Sed
208 1262 314 1312 Parcae
325 1261 435 1310 intonsa
444 1275 499 1311 non
510 1260 641 1311 exaudita
650 1266 797 1311 voventem

143 1333 181 1382 dd
194 1344 288 1381 manes
299 1335 409 1379 traxere
422 1344 513 1379 coma:
538 1344 587 1395 per
598 1329 715 1380 candida
725 1331 851 1383 membra

82 1401 132 1451 205
144 1403 170 1451 lt
180 1399 287 1450 fumans
299 1412 390 1460 cruor,
402 1404 430 1448 et
439 1397 519 1449 tellus
531 1398 643 1466 perfusa
653 1398 785 1451 rubescit.

143 1472 185 1531 at,
198 1484 253 1520 non
265 1467 389 1518 tardatus
399 1468 491 1519 iaculo
503 1475 674 1531 occurrente,
685 1468 830 1537 Ligaunus

142 1541 232 1601 lrmrit,
244 1537 440 1605 adversumque
450 1539 508 1589 viro
519 1544 595 1590 rotat
606 1538 701 1589 obrius
713 1554 805 1590 ensem
815 1558 823 1605 3

143 1609 178 1658 ut
187 1607 252 1659 ferit
260 1608 417 1675 insurgens,
432 1605 545 1660 humero
559 1606 735 1676 quabraclria
745 1608 813 1661 lenti

142 1679 296 1729 Annectunt
307 1678 390 1739 nervi,
403 1677 549 1745 decisaque
561 1677 672 1728 vulnere
684 1678 763 1728 laeva

82 1747 131 1795 ulo
143 1747 258 1798 Laxatis
269 1748 378 1813 paulum
389 1747 551 1798 moribunda
561 1746 691 1814 pependit
702 1745 826 1800 habenis.

140 1817 266 1886 Dumque
277 1819 380 1868 micans
389 1816 506 1868 tremulo
520 1823 620 1868 conatu
631 1817 691 1866 lora
700 1823 833 1880 retentat,

142 1887 311 1938 Flectentem
324 1893 450 1937 assuetos
461 1887 585 1936 imitatur
595 1887 689 1936 nescia
700 1885 802 1938 frenos.

140 1955 263 2006 Demetit
274 1957 361 2005 aversi
375 1955 499 2022 Vogesus
511 1961 569 2004 tum
582 1955 665 2016 colla,
676 1955 796 2023 iubaque
859 2008 863 2019 ,

141 2020 306 2089 Suspensam
313 2029 426 2088 portans
437 2025 553 2090 galeam,
566 2024 867 2091 atqueinclusapereml

82 2091 131 2139 215
145 2093 201 2141 Ora
211 2093 270 2152 viri,
282 2093 372 2157 patrio
384 2092 469 2142 Divos
483 2094 602 2144 clamore
614 2095 723 2144 salutat.

141 2160 268 2226 Dumque
278 2175 312 2210 ea
324 2160 465 2212 Gallorum
477 2163 569 2229 populi
580 2163 646 2213 dant
656 2163 755 2214 funera
773 2176 867 2233 campo

141 2231 250 2280 Accitas
262 2244 380 2295 propere
392 2234 488 2281 castris
498 2233 526 2281 in
537 2233 642 2298 proelia
654 2232 755 2283 Consul

140 2298 278 2365 Raptabat
289 2304 406 2361 turmas,
417 2301 573 2369 primusque
584 2301 682 2353 ruebat
692 2304 721 2352 in
731 2294 862 2367 hostem*

142 2368 273 2418 Candenti
283 2366 404 2419 sublimis
416 2384 494 2436 equo.
525 2369 622 2421 Trahit
633 2371 752 2438 undique
760 2372 863 2425 lectu*

81 2438 129 2485 ’120
143 2436 241 2486 Divitis
253 2437 388 2487 Ausoniae
398 2440 709 2508 iuvenem,Marsosque,
717 2443 867 2511 Coramque

139 2505 362 2573 Laurentumque
374 2506 471 2570 decus,
486 2510 719 2577 iaculatoremque
731 2508 805 2565 Sabe

140 2574 176 2624 Et
189 2573 391 2626 Gradiuicolam
403 2577 477 2628 celso
488 2579 521 2629 de
534 2579 603 2631 colle
615 2580 778 2644 Tudertem,

131 2643 304 2713 Indutosque
315 2647 396 2697 simul
406 2647 518 2716 gentilia
529 2649 584 2698 lina
594 2649 731 2711 Faliscos3
801 2700 805 2705 ,

124 2715 264 2787 Quosque
275 2717 329 2771 sub
342 2716 495 2772 Herculeis
504 2718 644 2768 taciturno
653 2698 865 2773 neminemid

851 2624 863 2653 t
