1920 2962
176 162 210 214 68
370 162 398 211 C.
428 158 530 213 SlLll
559 160 724 213 l'l'rlLlCl

116 282 167 334 645
178 284 229 333 His
240 281 350 334 tandem
361 285 470 351 ignotas
481 291 667 350 transgressus
682 279 790 331 casibus
799 279 895 348 Alpes,

177 352 305 402 Taurinis
316 353 415 404 ductor
425 354 522 405 statuit
531 352 652 403 tentoria
663 350 775 415 eampis.

175 424 297 483 Interea,
309 437 392 473 voces
402 423 474 475 lovis
485 428 567 489 atque
578 419 690 470 oracula
699 423 823 486 portans,

175 491 299 542 Emensis
312 491 408 544 aderat
419 492 615 542 Garamantum
625 487 714 538 laetus
727 486 818 538 arenis

175 560 291 624 Bostar3
303 568 331 612 et
341 568 373 612 ut
381 563 440 612 riso
453 559 611 612 stimulabat
621 556 706 607 corda
718 558 863 609 Tonante:

115 627 165 677 656
177 630 298 680 Maxime
308 631 417 693 Belide,
428 631 524 696 patriis
537 628 581 697 qui
591 625 733 697 moenibus
745 640 824 677 arces

175 696 322 750 Serutium
334 700 445 762 dextra,
456 699 579 765 Libycas
591 697 794 763 penetravimus
804 710 877 747 aras.

174 767 232 819 Nos
243 768 306 819 tulit
317 770 352 819 ad
364 768 486 836 Superos
496 767 663 836 perfundens
674 764 766 815 sidera
777 762 879 831 Syr-tu.

175 837 232 888 Nos
244 854 331 904 paene
344 840 508 907 aequoribus
519 834 754 889 tellusvioleutior
764 831 867 885 hausit.

173 908 214 957 nd
225 908 306 958 linem
320 909 390 959 coeli
400 909 492 959 medio
504 907 653 957 tenduntur
663 903 697 954 ab
709 903 776 953 orbe

114 974 164 1025 655
178 973 340 1041 Squalentes
353 978 451 1043 campi.
470 974 617 1025 Tumulum
628 978 727 1023 natura
736 975 850 1040 negarit

174 1044 316 1094 lmmensis
327 1046 436 1110 spatiis3
447 1044 501 1095 nisi
511 1057 590 1111 quem
603 1056 671 1092 cava
681 1040 775 1092 nubila
784 1047 917 1112 torquem

175 1114 334 1163 Construxit
344 1113 440 1176 turbo,
451 1113 574 1178 impacta
583 1110 750 1178 glomeratus
762 1125 861 1164 arena:

174 1183 226 1233 Vel
237 1183 259 1233 si
271 1182 411 1248 perfracto
422 1182 569 1249 populatus
580 1193 692 1232 carcere
703 1186 793 1230 terras

171 1250 293 1314 Africus,
305 1258 354 1301 aut
363 1257 477 1317 pontum
488 1265 620 1318 spargens
632 1264 714 1316 super
726 1264 793 1299 aera
804 1251 902 1315 (lorus,

113 1319 163 1369 uuo
175 1322 303 1370 lnvnsere
314 1326 407 1370 truces
418 1321 571 1386 eapientem
582 1319 689 1385 proelia
700 1334 838 1385 campum,

172 1391 256 1456 Inque
267 1389 355 1439 ricem
364 1389 473 1456 ingesto
485 1388 658 1440 cumularunt
667 1388 780 1454 pulvere
790 1397 909 1443 montes.

172 1459 232 1508 Hos
246 1458 399 1509 observatis
409 1458 492 1511 valles
503 1460 642 1509 enavimus
654 1458 748 1509 nstris:

173 1526 298 1594 Namque
305 1526 364 1578 dies
370 1527 584 1593 contundititer3
596 1528 771 1594 peditemque
778 1527 916 1593 profundo

172 1597 318 1647 Errantem
331 1611 438 1664 campo,
450 1597 915 1665 etsempermediaarravidentem,

111 1665 161 1720 665
174 1663 292 1716 Sidoniis
304 1667 447 1733 Cynosura
455 1669 528 1736 regit
537 1667 669 1718 fidissima
679 1666 778 1717 nautis.

172 1736 273 1787 Verum
286 1736 331 1786 ubi
344 1736 444 1789 defessi
455 1737 548 1799 lucos,
560 1750 761 1802 nemorosaque
771 1751 860 1803 regna

173 1806 313 1874 cornigeri
324 1807 411 1871 loris,
423 1813 452 1858 et
462 1805 596 1875 fulgentio
605 1805 709 1873 templa
721 1804 854 1870 subimus,

171 1876 311 1943 Exceptos
324 1874 424 1943 hospes
436 1878 517 1927 tectis
527 1876 632 1926 inducit
643 1874 762 1926 Arisbas.

173 1942 235 1994 Stat
245 1944 309 1995 luno
318 1947 407 1995 rieina
418 1948 529 2005 (norum
537 1949 566 1994 et
576 1943 753 1995 memorabile
760 1941 779 2006 l)
792 1942 912 2011 lympha,

111 2010 161 2060 otu
175 2012 251 2073 Quae
260 2019 391 2065 nascente
403 2013 461 2072 die,
474 2027 543 2077 quae
556 2013 700 2063 deficiente
711 2014 840 2078 tepescit,

172 2082 303 2150 Quaeque
318 2083 404 2148 riget,
420 2080 525 2130 medius
541 2097 601 2132 cum
617 2081 658 2132 sol
674 2081 802 2132 accendit
817 2084 910 2151 Olym·

645 2166 717 2217 pum,

171 2221 258 2285 Atque
271 2218 366 2268 eadem
378 2232 485 2268 rursum
497 2222 638 2271 nocturnis
655 2220 745 2272 fervet
753 2223 790 2272 im
801 2223 910 2274 umbris.

171 2289 242 2336 'lum
254 2286 316 2335 loca
326 2284 408 2350 plena
417 2286 494 2349 Deo,
507 2288 577 2340 dites
588 2291 646 2341 sine
657 2306 768 2341 vomere
779 2292 884 2359 glebas,

172 2357 300 2406 ostentat
310 2356 414 2417 senior,
425 2354 552 2425 laetaque
563 2360 604 2410 ita
613 2366 704 2411 mente
715 2359 855 2426 protatur:

111 2421 161 2472 675
175 2424 233 2473 llas
254 2423 364 2473 umbras
386 2440 542 2490 nemorum,
564 2434 592 2480 et
619 2445 743 2481 connexa
769 2431 910 2483 eacumina

647 2499 725 2550 coelo

171 2559 350 2628 Calcatosque
363 2565 419 2614 lori
431 2565 508 2617 lucos
519 2582 616 2633 prece,
628 2537 742 2632 Bostar:
754 2570 850 2621 adora.

169 2627 239 2678 Nam
252 2633 294 2680 cui
310 2633 382 2684 dona
393 2636 464 2686 lovis
475 2651 528 2687 non
542 2637 683 2706 divulgata
692 2653 743 2704 per
753 2641 857 2701 orbem,

54 2742 57 2747 .
153 2697 188 2747 ln
195 2703 308 2767 gremio
324 2702 435 2759 'l'bebes
445 2705 570 2776 geminas
582 2706 685 2758 sedisse
696 2708 854 2760 columbani·
