1920 2962
127 199 379 252 PUNlCORUM
408 200 487 252 LIB.
510 201 584 253 XIV.
676 202 728 271 §ot

44 337 53 371 ι
66 327 162 388 portus
175 321 258 370 muris
270 326 383 387 pacatas
394 320 514 386 applicat
523 321 620 384 undas,

44 390 143 440 noviss
155 404 225 440 noro
238 391 322 456 pestis
334 390 485 440 conterruit
496 395 565 439 astu.

44 460 79 510 ebs
91 459 168 510 fabre
180 465 261 520 teres,
273 464 366 526 atque,
379 460 464 508 erasis
474 457 592 525 undique
605 460 692 523 nodis,
737 462 788 514 32⁰
861 500 863 503 .

44 529 87 579 ‘ali
98 529 192 579 similis
203 528 284 590 malo,
297 528 419 594 praefixa
428 526 543 594 gerebat

44 613 83 648 :ae
95 598 150 648 tela
161 613 270 648 manus:
281 613 315 648 ea
326 597 398 647 celso
410 611 444 647 ex
455 611 556 664 aggere
567 598 636 648 muri

44 669 128 718 lantes
142 669 216 717 curri
225 667 351 733 rapiebat
360 667 387 715 in
399 680 464 716 aera
475 665 541 716 ferri

44 737 138 803 grribus,
151 742 178 786 et
188 736 305 786 mediam
316 741 446 786 revocata
456 734 564 786 ferebat
572 736 599 785 in
611 735 714 785 urbem.

43 824 48 853 ι
60 805 133 856 solos
144 807 183 856 ris
197 806 244 855 illa
255 806 337 866 viros,
349 806 412 870 quin
423 819 506 870 saepe
517 805 655 855 triremem
739 803 789 854 326

44 876 142 942 ligerae
155 889 271 941 rapuere
281 872 382 935 trabes,
395 889 457 924 oum
469 875 586 940 desuper
598 880 689 923 aetum

44 950 147 995 iterent
159 945 241 1010 puppi
254 941 398 1008 chalybem
410 957 570 1010 morsusque
581 949 700 994 tenaces.

44 1051 52 1076 ,
64 1012 142 1064 simul
156 1013 238 1063 affixo
250 1014 340 1063 vicina
350 1014 377 1062 in
388 1013 489 1063 robora
499 1012 573 1062 ferro

44 1083 162 1133 tulerant
173 1082 287 1133 sublime
299 1088 396 1142 ratem,
408 1081 574 1143 (miserabile
586 1083 643 1130 risu
651 1080 670 1144 l)

52 1153 172 1200 subitum
183 1165 276 1201 rursus
288 1150 388 1200 laxatis
399 1157 458 1200 arte
471 1151 574 1200 eatenis
737 1149 788 1200 33⁰

44 1227 80 1270 lta
91 1220 268 1286 praecipitem
280 1217 433 1270 reddebant
442 1219 514 1270 rnole
526 1217 671 1284 profundo,

46 1296 123 1340 otam
135 1287 275 1340 haurirent
285 1287 375 1338 undae
387 1304 448 1339 curn
460 1289 545 1339 milite
556 1303 682 1355 puppem.

50 1375 133 1426 super
144 1358 247 1408 insidiis
259 1364 375 1425 angusta
385 1357 521 1408 foramina
530 1354 623 1408 murus

44 1445 51 1480 r
64 1434 161 1478 carata
171 1427 263 1490 dabat,
276 1443 325 1494 per
337 1443 406 1494 quae
418 1427 585 1479 confundere
595 1428 651 1478 tela

45 1514 90 1548 urn
102 1504 170 1559 erat,
183 1499 310 1563 opposito
322 1498 492 1548 mittentibus
505 1513 605 1564 aggere
615 1497 686 1547 valli.
738 1496 789 1548 335

44 1604 45 1613 ,
56 1570 114 1619 sine
127 1566 224 1616 fraude
236 1566 323 1628 labos,
336 1573 397 1615 arta
408 1581 441 1616 ne
454 1581 546 1616 rursus
559 1567 655 1617 eodem

44 1637 99 1688 :ula
109 1636 143 1687 ab
155 1633 235 1686 hoste
246 1635 290 1684 ria
300 1635 403 1685 vicibus
416 1640 544 1686 contorta
555 1636 684 1685 redirent.

45 1707 127 1757 iditos
143 1705 236 1766 Graia,
249 1709 331 1770 atque
345 1703 576 1771 astus‘pollentior
588 1705 669 1752 armis

44 1775 147 1826 cellum
159 1780 304 1840 tantasque
315 1773 402 1823 minos
413 1777 541 1837 terraque
552 1773 675 1836 marique

44 1846 117 1908 ebat3
129 1843 274 1910 stabatque
284 1844 380 1910 ingens
392 1840 426 1892 ad
437 1841 546 1892 moenia
556 1839 664 1889 bellurn.
736 1838 787 1891 340

46 1914 98 1965 fuit
110 1911 263 1964 Isthmiacis
276 1912 359 1964 decns
370 1910 524 1962 immortale
536 1909 648 1969 colonis,

44 1985 99 2034 snio
112 1981 192 2033 facile
205 1988 267 2033 onte
278 1983 346 2033 alios
355 1980 461 2032 telluris
473 1980 604 2041 alumnos,

44 2055 83 2104 lus
95 2067 191 2119 opum3
201 2052 250 2104 sed
262 2052 306 2102 cui
317 2051 425 2102 coelum
437 2056 581 2118 terraeque
592 2054 727 2116 potarent.

46 2139 133 2174 novus
144 2122 248 2188 pluvias
259 2122 342 2172 Titan
353 2127 384 2172 ut
394 2120 524 2186 proderet
534 2125 596 2171 ortu

45 2194 114 2243 catis
126 2192 212 2241 tristis
223 2190 320 2254 radiis3
331 2190 377 2242 illa
387 2189 510 2251 haereat,
523 2204 592 2240 anne
739 2185 789 2237 345

47 2263 111 2313 deat
122 2259 257 2311 instabilis
267 2258 359 2323 tellus3
371 2275 420 2311 cur·
430 2259 543 2311 foedere
555 2264 632 2310 certo

44 2349 69 2382 rc
82 2330 170 2382 allusn
180 2329 291 2397 globum
303 2327 410 2394 Tethys
424 2329 594 2395 circumliget
604 2326 696 2391 undis2

44 2407 119 2463 erat,
133 2405 216 2467 atque
227 2413 282 2449 una
292 2397 384 2465 pelagi
394 2399 528 2464 lunaeque
539 2397 658 2456 labores,

44 2477 116 2537 rator
127 2470 255 2522 Oceanus
267 2482 320 2534 qua
332 2466 392 2534 lege
404 2465 558 2537 effunderet
569 2470 668 2515 aestua

44 2559 48 2591 ι
62 2541 137 2592 illum
148 2537 240 2590 mundi
253 2550 412 2588 numerasse
423 2536 533 2602 capacis
545 2549 642 2586 arenas
740 2533 790 2583 tid

44 2610 139 2673 ¹tidem
149 2624 256 2677 puppes
268 2607 353 2662 etiam
365 2611 588 2676 constructaque
596 2619 672 2657 saxa

44 2681 109 2728 inea
121 2680 241 2733 traxisse
254 2680 354 2734 ferunt
364 2685 471 2734 contra
480 2679 578 2733 ardna
586 2676 706 2728 dentre·

44 2747 96 2797 lum
101 2748 207 2803 Italum
214 2751 374 2810 ductorem
385 2743 483 2810 usur
488 2737 796 2816 euenerunt—,latiam
