1920 2962
161 182 193 233 36
353 178 381 228 C.
411 174 516 230 SlLll
544 177 712 230 lTaLlcl

160 303 197 352 Et
207 304 292 350 testes
302 293 413 361 Superi,
424 297 566 365 iurataque
578 302 660 363 pacta
670 302 816 363 parentum

100 370 149 420 2¹15
162 370 234 419 Hinc
246 365 385 432 popularis
396 381 473 416 amor
485 367 637 432 coeptantis
649 380 748 433 magna
758 366 817 416 iure

159 439 195 488 Et
206 449 317 502 sperare
327 436 404 484 iuvat
413 434 478 484 belli
487 435 609 485 meliora.
639 433 706 497 Sed,
723 434 787 484 olim

159 507 309 557 Ductorem
321 503 453 554 infestans
465 504 533 554 odiis
544 503 702 570 gentilibus,
714 504 816 553 Hanno

159 574 205 627 Sic
216 576 287 627 adeo
296 575 444 638 increpitat
456 573 546 624 studia
554 575 749 639 incautumque
761 571 817 621 fava

160 647 264 696 Cuncta
270 643 387 712 quidem,
399 643 506 704 Patres,
519 643 697 710 (nequeenim
710 639 817 691 cohibui

633 716 746 760 nantum

100 784 149 832 280
160 783 220 833 Irae
232 798 261 833 se
273 781 395 845 valuere)
408 785 534 848 premunt
545 778 690 830 formidine
701 794 806 830 vocem.

158 853 240 903 Haud
250 859 342 902 tannen
356 851 520 912 ahetharim,
538 855 653 900 mortem
668 850 733 899 licet
744 863 817 899 arma

651 919 677 966 in
698 924 770 967 uent.

159 988 297 1038 Testabor
309 985 443 1052 Superos,
456 991 485 1035 et
496 986 575 1035 coelo
585 933 651 1036 noth
662 935 817 1054 rdlinquam

160 1058 236 1118 Quae
247 1061 387 1121 postrema
399 1055 471 1104 salus
482 1056 744 1123 rerum0patriaeque
756 1071 817 1123 rep(

157 1124 216 1176 Nec
227 1139 298 1174 nunc
310 1124 422 1173 obsessa
433 1123 539 1173 demum
551 1130 579 1174 et
589 1122 711 1175 fumante
722 1123 815 1192 Sagun

98 1196 148 1246 285
160 1196 239 1245 Haec
250 1208 327 1244 serus
337 1198 414 1242 vates
425 1193 544 1243 Hannon
557 1195 642 1245 canit:
659 1195 740 1244 anxia
750 1196 812 1260 rupi

157 1264 290 1324 Pectora,
303 1277 337 1312 ne
348 1262 445 1311 castris
454 1262 633 1314 innutriretur
645 1270 673 1314 et
683 1264 764 1314 armis

157 1329 275 1382 Exitiale
288 1336 371 1396 caput
380 1332 486 1394 nronui,
499 1338 541 1395 et,
551 1333 615 1383 dum
626 1334 696 1394 vita,
707 1334 817 1384 maneb(

157 1400 309 1466 Ingenitum
319 1406 436 1451 nose'ens
445 1401 519 1453 virus
526 1441 533 1465 ,
546 1401 679 1470 flatusque
691 1408 817 1468 paternos

157 1470 201 1530 Ut,
212 1469 258 1534 qui
268 1469 405 1536 stelligero
417 1472 574 1537 speculatur
584 1472 675 1523 sidera
687 1471 773 1531 coelo,

97 1538 147 1590 290
159 1537 309 1590 Venturam
321 1539 409 1606 pelagi
421 1541 538 1604 rabiem,
550 1543 684 1608 Caurique
694 1539 788 1590 futura

156 1606 295 1658 Praedicit
304 1609 408 1659 miseris
418 1608 491 1661 haud
502 1627 587 1661 vanus
599 1609 710 1659 flamina
721 1611 817 1660 nautis*

157 1676 287 1727 Consedit
296 1679 378 1741 solio,
389 1693 533 1746 rerumque
542 1679 642 1728 invasit
653 1675 782 1726 habenas.

155 1747 230 1814 Ergo
244 1748 324 1798 armis
340 1748 450 1811 foedus,
468 1747 564 1814 fasque
575 1761 655 1814 omne
670 1745 818 1810 abrumpiti

629 1831 693 1866 mis:

156 1883 264 1949 Oppida
276 1893 452 1952 quassantur,
463 1887 597 1952 longeque
607 1887 636 1937 in
646 1884 755 1945 moenio
766 1898 816 1934 nos

95 1949 145 2000 295
156 1953 311 2003 Aeneadum
324 1960 449 2016 arrectae¹
458 1959 577 2014 mentes,
589 1955 757 2020 disiectaque
769 1969 817 2018 pan

155 2021 305 2089 Exagitunt
315 2024 411 2072 Manes
421 2023 544 2070 iuvenem
557 2021 698 2089 furiaeque
709 2026 817 2088 paterne

154 2091 194 2140 ho
205 2090 315 2142 funesta
326 2104 418 2151 sacra,
432 2095 460 2139 et
471 2093 595 2141 conversi
609 2090 726 2142 foedere
737 2100 817 2157 rupto

155 2159 185 2208 ln
198 2166 281 2225 caput
289 2157 400 2208 infidum
412 2155 522 2223 Superi,
535 2160 711 2228 Massylaque
722 2168 807 2211 vates.

154 2230 261 2277 Annuit.
290 2227 337 2276 llle
349 2228 412 2275 novi
424 2242 521 2279 caecus
535 2230 648 2296 caligine
661 2233 738 2299 regni

95 2293 145 2344 300
156 2297 292 2346 Externas
303 2309 380 2344 arces
393 2297 481 2361 quatit
491 2303 521 2348 ut
532 2299 680 2365 Tirynthia
689 2306 774 2362 tecta,

157 2363 203 2414 Sic
214 2363 326 2429 propria
335 2361 393 2412 luat
405 2363 458 2415 hoc
469 2382 570 2432 poena,
582 2386 633 2420 nec
644 2372 760 2421 misceat
769 2371 817 2421 urb

155 2433 225 2483 Fata
242 2433 310 2482 suis:
333 2437 404 2484 nunc
421 2432 487 2498 hoc,
508 2438 631 2505 inquam,
654 2438 708 2489 hoo
723 2441 750 2489 in
769 2446 808 2490 ter

625 2523 717 2560 muros

154 2569 314 2634 Oppugnat,
326 2571 477 2641 Carthago,
488 2582 564 2639 tuos,
574 2585 656 2645 teque
669 2578 777 2629 obsidet

152 2635 283 2688 Lavimus
294 2640 441 2694 Hennaeas
453 2647 575 2697 animoso
587 2649 718 2713 sanguine
728 2647 767 2697 va'

77 2700 135 2749 305
141 2704 184 2755 Et
195 2708 241 2758 rix
251 2711 391 2766 conducto
402 2715 586 2785 produximus
598 2715 754 2768 armabant
