1920 2962
122 193 174 245 182
320 191 349 241 G.
377 187 485 241 albu
512 188 679 241 lTALlGl

82 311 115 362 50
125 310 222 362 Nonne
233 309 318 372 rides,
331 324 392 360 cum
403 310 499 361 ricinis
510 308 620 359 auditur
628 309 656 358 in
667 309 751 370 ervis,

126 381 214 441 (liram
227 379 332 430 subitus
343 378 448 445 linquat
456 378 585 445 pallantis
597 392 716 480 coruom
726 376 858 446 sanguis!

128 450 269 516 Quamque
284 447 371 499 fluant
387 462 463 497 amna
479 452 542 497 ante
556 447 652 497 tubas.
671 447 828 498 Cunctator
840 450 866 497 st

601 529 634 566 ao
655 530 694 578 er,

127 589 164 638 Ut
172 602 243 648 rere,
252 587 281 637 iu
292 601 397 654 pugnas
408 584 510 637 Fabius
520 599 695 652 quoscunque
707 584 758 636 sub
771 584 825 635 illis

128 657 248 724 Culpntis
260 656 337 707 duxit
346 656 439 723 signis,
449 669 522 705 nuuc
533 668 609 703 arma
621 659 780 719 capessunt

84 725 117 776 55
128 728 162 776 nt
173 741 241 794 quos
251 725 408 777 Flaminius.
432 722 486 775 Sed
498 723 558 774 (lira
569 723 694 783 avertite,
706 722 780 773 lliri.

128 794 175 847 Sin
185 797 285 847 nostris
296 796 401 845 animus
412 794 522 845 monitis
528 790 711 860 precibusque
716 798 859 861 repugna

126 867 212 916 Aures
223 864 312 931 pande
322 864 392 915 Deo.
415 863 520 914 Cecinit
531 863 653 927 Cymaea
662 876 714 929 per
723 861 820 913 orbern

128 935 206 984 llaec
217 933 283 983 olim
291 938 377 994 rates,
388 938 416 982 et
427 937 455 982 te
466 945 600 998 praesaga
609 935 729 999 mosque

127 1002 257 1070 Vulgnvit
267 1001 348 1051 torris
358 1014 523 1067 proavorum
536 1004 627 1050 aetate
637 998 756 1051 firrores.

85 1071 119 1123 oo
129 1073 240 1138 lamque
252 1070 321 1122 alter
332 1070 390 1133 tibi,
402 1085 454 1120 nec
463 1069 594 1136 perplexo
606 1069 736 1133 ommino,
748 1082 838 1121 corum

128 1143 199 1193 Fata
209 1155 278 1191 cano
289 1146 380 1205 rates3
392 1140 465 1191 sistis
474 1139 503 1189 ni
513 1140 633 1190 crastina
643 1139 730 1206 signa,

127 1209 261 1261 Firmabis
271 1216 366 1261 nostro
377 1207 524 1260 Phoebeae
534 1208 610 1259 dicta
620 1206 741 1273 Sibyllae

129 1278 274 1345 Sanguine.
296 1277 355 1328 Nec
367 1277 452 1328 Graio
463 1275 580 1345 posthac
589 1277 726 1328 Diomede
735 1275 857 1335 tuentur,

129 1347 183 1399 Sed
195 1352 232 1409 te,
244 1348 268 1397 si
278 1351 394 1413 perstas,
404 1348 524 1414 insignes
535 1346 653 1398 Consule
665 1348 766 1414 campi

87 1414 608 1484 beaccPaullus,lac1imuequeoculis
614 1415 857 1469 utentibusortm

127 1485 186 1537 Ncc
196 1500 251 1535 non
263 1490 291 1535 et
300 1490 410 1536 noctem
420 1485 569 1537 sceleratus
580 1485 677 1553 polluit
688 1501 777 1538 error.

128 1553 287 1622 Xanthippo
300 1560 405 1622 capua,
416 1555 532 1622 Libycis
543 1556 679 1607 tolerarat
687 1557 715 1606 in
727 1557 785 1607 oris

128 1624 273 1677 Servitium
285 1623 418 1689 Satricus,
429 1640 494 1676 mox
503 1626 575 1676 inter
585 1626 710 1693 praculis
719 1627 781 1695 regi

126 1695 282 1746 Autololum
293 1695 365 1747 dono
377 1695 456 1746 datus
469 1694 503 1744 ob
514 1696 622 1746 virtutis
633 1693 781 1747 bonorem:

83 1765 117 1815 to
128 1766 200 1817 Huic
210 1766 306 1817 domus
319 1772 348 1818 et
358 1766 458 1834 gemini
468 1763 578 1815 fuerant
587 1762 717 1817 Sulmone
730 1764 817 1816 relicti

126 1837 224 1887 Matris
235 1838 263 1887 in
273 1836 402 1887 uberibus
412 1835 479 1896 nuti,
490 1835 635 1885 Mancinus
646 1841 674 1886 et
683 1850 740 1886 urm

80 1945 86 1971 „
126 1903 242 1954 Nomine
254 1903 377 1954 Rhaeteo
390 1903 521 1955 Solimus:
534 1918 596 1953 nam
608 1903 742 1956 Dardana
751 1904 835 1973 origo,

125 1974 163 2023 Et
173 1971 295 2039 Phrygio
307 1987 392 2039 genus
404 1988 421 2021 a
430 1988 543 2039 proavo,
555 1974 610 2040 qui,
624 1980 737 2040 sceptra
746 1976 849 2026 secutus

126 2043 243 2103 Aeneae,
256 2041 356 2092 claram
369 2044 453 2092 muris
464 2041 628 2094 fundaverat
637 2043 736 2094 urbem

82 2109 116 2160 lb
127 2111 171 2160 Ex
182 2124 242 2160 sese
254 2110 356 2163 <lictum
368 2110 504 2162 Solimon:
518 2112 658 2163 celebrata
668 2113 776 2164 colonis

125 2180 193 2230 Mox
204 2179 279 2229 Italis
290 2182 421 2245 paulatim
432 2183 527 2232 attrito
538 2183 648 2233 nominc
658 2179 764 2233 Subno.

125 2250 163 2298 Ac
173 2253 231 2298 tum
242 2247 393 2301 barbaricis
405 2248 528 2301 Satricus
540 2266 601 2301 cum
613 2266 679 2318 rego
691 2251 810 2302 catervis

124 2317 270 2379 advectus,
283 2333 336 2385 quo
348 2335 401 2369 non
415 2325 539 2385 spretum
550 2321 586 2382 (si
597 2327 728 2387 posceret
736 2320 813 2381 usus)
892 2358 895 2365 .

124 2386 246 2440 Nascere
258 2387 381 2439 Gaetulis
392 2387 488 2439 Latias
499 2390 650 2457 interprete
659 2404 754 2440 voces.
893 2444 895 2449 ,

82 2457 115 2507 80
126 2457 277 2525 Postquam
288 2472 370 2524 posse
381 2457 474 2507 (latum
485 2458 599 2526 Peligna
610 2461 729 2510 revisere
741 2462 824 2519 ueta,
860 2516 863 2525 ¹
891 2462 895 2529 ξ

113 2527 158 2578 Et
164 2529 289 2595 patrium
301 2542 414 2596 sperare
422 2527 519 2589 larem,
530 2528 568 2578 ad'
577 2529 723 2579 cortamina
732 2530 838 2580 notun
890 2544 895 2595 ῃ

104 2597 251 2667 advocat,
264 2616 300 2653 ac
314 2599 414 2655 birtim
424 2598 526 2653 castris
536 2598 746 2662 erabitiriuuns„
889 2600 895 2663 ξ

96 2665 163 2724 Sed
170 2671 249 2746 fuga
259 2675 343 2728 nuda
352 2675 424 2728 viri:
445 2675 541 2725 sumto
550 2682 620 2717 uum
626 2664 750 2730 umbone
759 2667 854 2727 cneum

91 2739 226 2803 Vitabnt
238 2750 365 2821 clypeo,
380 2753 416 2801 ct
425 2746 536 2800 (iextra
544 2733 696 2789 remeabat
701 2730 814 2781 inermi.
