1920 2962
173 170 429 225 PUNIGORUM
455 172 537 225 LlB.
556 172 617 227 XV.
719 175 768 227 385

32 289 170 359 Carthago
180 297 261 358 putat
271 291 430 342 Hannibali:
441 307 486 342 me
497 293 592 345 Baetis
604 294 632 343 in
642 296 698 347 oris

32 363 156 429 Aequent
164 375 296 429 germano
308 375 404 427 passae
416 375 478 411 mea
487 362 593 427 proelia
602 370 706 430 gentes.

32 431 112 481 Talia
123 431 187 481 dum
198 436 341 491 memorat,
350 430 456 481 medios
467 429 574 482 ablatus
584 432 612 481 in
622 430 725 496 bootes,
776 435 826 484 755

33 500 66 551 [lt
76 515 148 551 nova
158 501 299 566 conspecti
310 498 444 550 fulserunt
455 500 580 550 consulis
591 515 675 563 armo,

33 569 148 620 llastam
159 582 345 635 praepropero
357 570 417 619 nisu
426 568 502 619 iacit,
532 568 582 619 llla
591 584 640 635 per
651 585 715 623 oras

33 639 122 690 aerati
134 638 223 703 clypei
235 643 263 687 et
272 637 375 687 loricae
385 638 505 704 tegmina
516 652 620 690 summo

33 707 129 757 lncidit
137 704 209 757 haud
222 706 287 757 felix
298 704 420 767 humero,
433 722 569 774 parceque
581 710 696 773 petitum

33 775 194 827 Perstrinxit
204 790 313 842 corpus,
324 790 375 826 nec
385 775 470 826 multo
482 777 570 826 tincta
581 791 692 829 eruore:
776 778 827 829 tuo

33 846 110 897 Vana
120 845 167 896 sed
182 845 288 911 optanti
300 845 425 910 promisit
435 846 536 912 gaudia
545 845 649 897 Poeno.

33 915 146 965 Turbati
156 914 257 975 Rutuli,
269 912 437 981 confusaque
447 920 563 982 pectora
572 916 631 967 visu

33 984 174 1034 Terrilico.
205 984 283 1034 Tunc
293 985 461 1051 increpitans
474 984 618 1036 conamina
630 985 743 1036 Consul:

33 1054 165 1104 Femineis
176 1052 280 1103 laesum
291 1066 361 1103 vana
370 1054 442 1104 inter
453 1068 557 1104 cornua
568 1069 667 1120 corpus

33 1121 179 1188 Unguibus,
192 1126 239 1170 aut
251 1120 347 1185 palmis
361 1121 457 1172 credes
469 1122 616 1187 puerilibus
625 1124 718 1173 ictum.
776 1123 827 1172 lib

34 1191 81 1251 lte,
94 1190 202 1250 docete,
215 1189 274 1250 viri,
286 1188 426 1239 Romanae
436 1189 549 1239 vulnera
559 1191 663 1240 suerint

34 1260 141 1320 Quanta
151 1255 249 1308 afferre
261 1271 365 1309 manus.
395 1258 466 1308 Tum
481 1272 546 1308 vero
565 1256 712 1310 effunditur
728 1261 767 1311 in-

504 1342 571 1395 gens

34 1396 161 1446 Telorum
172 1397 221 1458 ris,
234 1402 262 1447 et
273 1395 358 1448 densa
369 1396 411 1448 sol
421 1397 538 1449 vincitur
549 1397 653 1449 umbra.

34 1466 140 1532 lamque
152 1481 201 1532 per
211 1472 337 1518 extentos
349 1466 455 1517 alterna
465 1473 558 1534 strage
568 1468 688 1519 virorum

34 1536 154 1600 Corpora
165 1534 226 1584 lusa
239 1536 332 1586 iacent
343 1550 469 1601 campos,
490 1536 668 1604 demersaque
679 1537 706 1587 iu
718 1554 765 1587 un·

503 1604 566 1654 dam
774 1607 826 1655 ‘lto

34 1674 179 1722 iunxerunt
191 1671 298 1721 cumulo
312 1678 453 1722 crescente
464 1672 599 1723 cadavera
610 1674 692 1738 ripas.

34 1743 74 1802 Ut,
86 1754 147 1790 cum
159 1744 258 1789 venatu
270 1739 354 1790 saltus
366 1744 477 1791 exercet
487 1754 591 1805 opacos

34 1811 178 1875 Dictynna,
191 1814 219 1858 et
228 1809 317 1858 laetae
329 1807 443 1875 praebet
452 1807 611 1873 spectacula
620 1809 710 1870 matri,

35 1879 287 1929 lutPindinemora
294 1879 444 1940 excutiens,
456 1875 767 1940 autblaenalalustrans,

35 1949 125 2000 Omnis
136 1947 271 1999 Naiadum
282 1946 368 2015 plenis
379 1948 512 1999 comitata
522 1944 659 2014 pharetris
776 1948 827 2000 'lib

35 2017 125 2068 l'urba
135 2019 198 2079 ruit,
210 2017 381 2085 striduntque
394 2016 539 2086 sagittiferi
552 2017 651 2083 coryti.

35 2088 100 2137 lum
112 2102 161 2154 per
171 2101 238 2138 saxa
249 2085 334 2149 ferae,
346 2102 447 2156 perque
457 2088 519 2154 ipsa
529 2085 628 2139 cubilia
637 2085 724 2150 fusae,

35 2156 185 2220 percellas,
197 2155 355 2224 fluuiosque,
366 2162 449 2225 atque
457 2163 537 2209 antra
542 2157 657 2208 virentia
662 2170 766 2220 musco,

35 2226 116 2277 llulta
126 2232 218 2294 strage
228 2227 328 2278 iacent.
356 2227 485 2279 Exsultat
494 2228 597 2280 vertice
608 2226 709 2277 montis

35 2295 145 2347 Gratum
156 2296 324 2363 perlustrans
337 2296 422 2348 oculis
433 2296 554 2349 Latonia
565 2296 703 2363 praedam.
774 2294 826 2345 180

35 2365 127 2416 ludite
141 2372 203 2417 ante
216 2366 284 2417 alios
296 2366 410 2418 senioris
419 2367 540 2429 vulnere,
551 2366 653 2430 rumpit

36 2435 82 2485 ler
91 2435 197 2487 medios
208 2434 282 2487 Nero
293 2451 390 2487 saevus
399 2437 461 2499 iter,
470 2438 582 2502 visaque
593 2434 714 2483 virorum

35 2505 138 2572 lequali
150 2520 255 2573 pugna,
268 2506 340 2567 auid
351 2507 438 2567 enim,
454 2504 517 2573 quid
531 2503 629 2554 deinde
639 2501 764 2555 relictum

503 2580 549 2626 eat

36 2641 303 2699 taliacfatistllunc
316 2649 339 2701 si
351 2664 411 2701 non
421 2642 678 2705 vincitisbostem,

36 2710 198 2763 'annibalem
213 2717 347 2786 vincetis,
362 2720 508 2775 attibuit
520 2718 609 2773 odius
620 2725 728 2792 amm
825 2691 891 2740 w*
