1920 2962
139 215 189 266 302
332 212 361 262 C.
391 209 496 262 SlLll
523 210 687 262 lTALlCl

137 332 264 384 adnabat
275 337 384 383 centum
395 331 451 381 late
463 327 576 380 Sidonia
585 329 653 381 velis

80 404 129 455 355
143 403 242 454 classis
253 401 384 462 subsidio,
396 407 424 451 et
434 399 578 450 scindebat
588 399 702 450 caerula
712 401 818 452 rostris.

138 473 262 540 Erigitur
272 471 374 522 subitas
385 471 413 519 in
423 484 486 535 spes
496 467 641 519 Arethusia
652 469 754 535 proles,

140 542 322 608 adiungitque
332 554 404 601 suas,
416 545 498 604 portu
509 553 664 606 progressa,
677 539 794 590 cannas.

140 611 200 662 Nec
212 616 310 660 contra
320 609 454 660 Ausonius
467 609 552 658 tonsis
564 613 661 674 aptare
672 607 795 659 lacertos

142 679 304 741 addubitat,
315 678 463 744 mersisque
475 677 548 727 celer
558 675 629 727 fodit
641 690 764 744 aequora
775 678 856 728 remis.

83 751 133 802 360
144 748 312 801 Verberibus
322 756 429 798 torsere
439 746 555 797 fretum.-
565 745 629 797 salis
638 746 697 797 icta
706 744 838 815 frequenti

142 819 262 869 albescit
273 816 351 885 pulsu
363 815 457 878 facies,
468 830 570 883 perque
582 829 705 882 aequora
715 815 772 866 late

145 887 260 955 Spumat
272 887 380 936 canenti
390 885 510 936 sulcatus
521 885 628 952 gurgite
640 884 727 935 limes.

143 957 279 1007 insultant
291 956 393 1020 pariter
405 953 516 1021 pelago:
529 968 561 1003 ac
572 951 713 1020 Neptunia
723 969 807 1022 regna

145 1027 323 1092 Tempestate
334 1038 404 1073 nova
415 1022 561 1088 trepidant.
574 1022 645 1072 Tum
654 1023 770 1074 vocibus
781 1034 866 1090 aequor

85 1095 134 1146 ato
146 1095 289 1155 Personat,
302 1097 330 1143 et
342 1092 441 1143 clamat
453 1090 572 1158 scopulis
584 1091 713 1144 clamoris
723 1093 821 1161 imago.

146 1166 183 1215 Ac
194 1166 249 1214 iam
261 1161 374 1214 diffusus
384 1176 472 1213 vacua
482 1160 635 1212 bellatoria
645 1161 721 1212 unda

148 1233 280 1284 Cornibus
291 1231 425 1282 ambierat
436 1231 544 1297 patulos
555 1231 589 1282 ad
600 1230 707 1297 proelia
718 1229 822 1292 fluctus,

146 1301 244 1354 Navali
255 1299 383 1351 claudens
393 1298 549 1350 humentem
561 1300 690 1368 indagine
702 1314 830 1368 campum.

145 1372 180 1420 nt
190 1369 269 1419 simili
281 1373 394 1418 curvata
403 1369 463 1417 sinu
473 1369 581 1420 diversa
594 1369 693 1422 ruebat

86 1441 136 1490 370
150 1438 258 1499 Classis,
270 1441 298 1486 ct
309 1435 418 1486 artabat
428 1436 522 1488 lunato
535 1438 645 1490 caerula
655 1454 736 1507 gyro.

146 1506 204 1559 Nec
215 1520 305 1557 mora:
315 1505 443 1556 terrificis
454 1521 553 1558 saevae
564 1507 727 1560 stridoribus
739 1509 817 1570 aeris,

145 1577 199 1628 Per
210 1591 326 1626 vacuum
337 1575 392 1625 late
403 1581 485 1626 cantu
495 1583 642 1628 resonante
653 1577 825 1644 profundum,

146 1646 297 1698 Incubuere
309 1644 401 1708 tubae,
414 1650 473 1712 quis
484 1648 591 1696 excitus
603 1662 722 1714 aequore
735 1648 829 1698 Triton

146 1718 266 1785 Expavit
275 1721 366 1766 tortae
378 1716 514 1766 certantia
524 1731 664 1766 murmura
675 1715 806 1767 conchae.

86 1787 136 1838 375
148 1788 202 1839 Vix
214 1787 361 1837 meminere
372 1786 468 1849 maris3
479 1790 536 1835 tam
546 1791 625 1836 vasto
638 1786 672 1835 ad
684 1785 789 1852 proelia
798 1785 850 1834 nisu

146 1856 309 1907 lucumbunt
320 1856 407 1920 proni,
419 1855 570 1922 positisque
579 1856 607 1904 in
618 1854 741 1922 margine
753 1853 845 1921 puppis

145 1926 293 1976 Extremae
306 1924 404 1989 plantis
416 1930 542 1974 nutantes
554 1925 659 1991 spicula
668 1928 807 1991 torquent.

146 1992 283 2044 Sternitur
294 1991 387 2042 effirsis
398 1993 488 2059 pelagi
498 1993 588 2044 media
599 2008 664 2044 area
674 1994 746 2056 telis,

147 2061 278 2128 celsaque
290 2058 423 2111 anhelatis
435 2077 583 2129 exsurgens
592 2063 693 2114 ictibus
706 2063 783 2113 alnus

85 2131 136 2183 880
148 2130 263 2181 Caerula
273 2130 391 2197 nigranti
403 2131 482 2181 lindit
492 2133 646 2197 spumantia
656 2132 741 2182 sulco.

146 2201 195 2251 Ast
206 2199 274 2248 aliae
286 2198 372 2249 latere
384 2207 464 2267 atque
474 2201 575 2252 incussi
587 2201 693 2252 roboris
703 2203 762 2251 ictu

146 2269 299 2336 Detergent
310 2283 413 2318 remos:
427 2270 495 2319 aliae
507 2286 557 2336 per
566 2272 673 2322 m'scera
684 2272 764 2336 pinus

147 2339 292 2390 Tramissis
302 2339 362 2402 ipso
374 2339 525 2388 retinentur
535 2339 646 2390 vulnere
657 2342 764 2402 rostris,

148 2410 208 2472 Quo
221 2410 346 2458 retinent.
375 2407 482 2458 Medias
493 2409 565 2459 inter
576 2409 718 2459 sublimior
728 2411 788 2460 ibat

87 2478 137 2530 885
148 2478 289 2528 Terribilis
301 2478 361 2526 visu
371 2479 478 2543 puppis,
490 2493 544 2544 qua
554 2478 627 2528 nulla
638 2493 688 2544 per
701 2495 781 2530 omne

142 2548 268 2618 Egressa
279 2552 321 2599 est
330 2545 446 2615 Libycis
456 2549 543 2598 maior
553 2548 695 2600 navalibus
706 2563 813 2599 aevum.

137 2619 199 2674 Sed
215 2625 318 2691 quater
332 2616 408 2672 baec
425 2624 541 2669 centum
552 2629 702 2732 numerxo
713 2619 881 2677 remman

677 2695 712 2729 m

122 2768 283 2825 Pulsabat
295 2765 411 2821 tonsis:
422 2761 554 2829 veloque
563 2750 690 2820 superba
698 2743 800 2806 capam
