<?xml version="1.0" encoding="UTF-8"?>
<!DOCTYPE html PUBLIC "-//W3C//DTD XHTML 1.0 Transitional//EN"
    "http://www.w3.org/TR/xhtml1/DTD/xhtml1-transitional.dtd">
<html xmlns="http://www.w3.org/1999/xhtml" xml:lang="en" lang="en">
 <head>
  <title>
</title>
<meta http-equiv="Content-Type" content="text/html;charset=utf-8" />
  <meta name='ocr-system' content='tesseract 3.04.00' />
  <meta name='ocr-capabilities' content='ocr_page ocr_carea ocr_par ocr_line ocrx_word'/>
</head>
<body>
  <div class='ocr_page' id='page_1' title='image "./punicorumlibrix00italgoog_0306.png"; bbox 0 0 1920 2962; ppageno 0'>
   <div class='ocr_carea' id='block_1_1' title="bbox 166 130 717 188">
    <p class='ocr_par' dir='ltr' id='par_1_1' title="bbox 166 130 717 188">
     <span class='ocr_line' id='line_1_1' title="bbox 166 130 717 188; baseline -0.005 -2"><span class='ocrx_word' id='word_1_1' title='bbox 166 135 216 188; x_wconf 69' lang='lat'>298</span> <span class='ocrx_word' id='word_1_2' title='bbox 359 135 388 184; x_wconf 84' lang='lat' dir='ltr'>C.</span> <span class='ocrx_word' id='word_1_3' title='bbox 418 132 521 185; x_wconf 76' lang='lat' dir='ltr'>siml</span> <span class='ocrx_word' id='word_1_4' title='bbox 551 130 717 187; x_wconf 76' lang='lat' dir='ltr'>leLlCI</span> 
     </span>
    </p>
   </div>
   <div class='ocr_carea' id='block_1_2' title="bbox 104 252 902 530">
    <p class='ocr_par' dir='ltr' id='par_1_2' title="bbox 104 252 902 390">
     <span class='ocr_line' id='line_1_2' title="bbox 164 252 902 323; baseline -0.005 -16"><span class='ocrx_word' id='word_1_5' title='bbox 164 257 209 320; x_wconf 78' lang='lat' dir='ltr'>at,</span> <span class='ocrx_word' id='word_1_6' title='bbox 220 257 266 323; x_wconf 87' lang='lat' dir='ltr'>qui</span> <span class='ocrx_word' id='word_1_7' title='bbox 275 255 413 321; x_wconf 73' lang='lat' dir='ltr'><strong>praesenti</strong></span> <span class='ocrx_word' id='word_1_8' title='bbox 425 254 559 305; x_wconf 89' lang='lat' dir='ltr'>domitant</span> <span class='ocrx_word' id='word_1_9' title='bbox 569 254 688 318; x_wconf 83' lang='lat' dir='ltr'>periura,</span> <span class='ocrx_word' id='word_1_10' title='bbox 698 252 795 315; x_wconf 87' lang='lat' dir='ltr'>Palici,</span> <span class='ocrx_word' id='word_1_11' title='bbox 896 270 902 277; x_wconf 92' lang='lat'>·</span> 
     </span>
     <span class='ocr_line' id='line_1_3' title="bbox 104 322 840 390; baseline -0.001 -14"><span class='ocrx_word' id='word_1_12' title='bbox 104 329 154 376; x_wconf 83' lang='lat'>220</span> <span class='ocrx_word' id='word_1_13' title='bbox 166 325 286 376; x_wconf 77' lang='lat' dir='ltr'>Pectora</span> <span class='ocrx_word' id='word_1_14' title='bbox 297 323 444 390; x_wconf 82' lang='lat' dir='ltr'>supplici03</span> <span class='ocrx_word' id='word_1_15' title='bbox 457 324 630 389; x_wconf 87' lang='lat' dir='ltr'>Troianaque</span> <span class='ocrx_word' id='word_1_16' title='bbox 641 322 715 373; x_wconf 83' lang='lat' dir='ltr'>venit</span> <span class='ocrx_word' id='word_1_17' title='bbox 725 323 840 387; x_wconf 80' lang='lat' dir='ltr'>Acesta3</span> 
     </span>
    </p>

    <p class='ocr_par' dir='ltr' id='par_1_3' title="bbox 166 392 850 461">
     <span class='ocr_line' id='line_1_4' title="bbox 166 392 850 461; baseline 0 -16"><span class='ocrx_word' id='word_1_18' title='bbox 166 395 271 461; x_wconf 75' lang='lat' dir='ltr'>Quique</span> <span class='ocrx_word' id='word_1_19' title='bbox 283 408 332 460; x_wconf 86' lang='lat' dir='ltr'>per</span> <span class='ocrx_word' id='word_1_20' title='bbox 342 395 478 444; x_wconf 81' lang='lat' dir='ltr'>Aetnaeos</span> <span class='ocrx_word' id='word_1_21' title='bbox 488 393 550 442; x_wconf 80' lang='lat' dir='ltr'>Acis</span> <span class='ocrx_word' id='word_1_22' title='bbox 560 392 630 457; x_wconf 86' lang='lat' dir='ltr'>petit</span> <span class='ocrx_word' id='word_1_23' title='bbox 640 406 762 459; x_wconf 89' lang='lat' dir='ltr'>aequora</span> <span class='ocrx_word' id='word_1_24' title='bbox 772 393 850 455; x_wconf 87' lang='lat' dir='ltr'>lines,</span> 
     </span>
    </p>

    <p class='ocr_par' dir='ltr' id='par_1_4' title="bbox 165 458 731 530">
     <span class='ocr_line' id='line_1_5' title="bbox 165 458 731 530; baseline -0.005 -16"><span class='ocrx_word' id='word_1_25' title='bbox 165 465 201 515; x_wconf 84' lang='lat' dir='ltr'>Et</span> <span class='ocrx_word' id='word_1_26' title='bbox 211 463 283 513; x_wconf 91' lang='lat' dir='ltr'>dulci</span> <span class='ocrx_word' id='word_1_27' title='bbox 293 468 400 530; x_wconf 81' lang='lat' dir='ltr'>gratam</span> <span class='ocrx_word' id='word_1_28' title='bbox 413 461 532 513; x_wconf 87' lang='lat' dir='ltr'>Nereida</span> <span class='ocrx_word' id='word_1_29' title='bbox 541 460 641 526; x_wconf 90' lang='lat' dir='ltr'>perluit</span> <span class='ocrx_word' id='word_1_30' title='bbox 650 458 731 511; x_wconf 87' lang='lat' dir='ltr'>unda.</span> 
     </span>
    </p>
   </div>
   <div class='ocr_carea' id='block_1_3' title="bbox 78 528 895 2754">
    <p class='ocr_par' dir='ltr' id='par_1_5' title="bbox 164 528 858 668">
     <span class='ocr_line' id='line_1_6' title="bbox 164 528 858 599; baseline -0.001 -16"><span class='ocrx_word' id='word_1_31' title='bbox 164 532 290 585; x_wconf 79' lang='lat' dir='ltr'><strong>Aemulus</strong></span> <span class='ocrx_word' id='word_1_32' title='bbox 299 532 345 582; x_wconf 90' lang='lat' dir='ltr'>ille</span> <span class='ocrx_word' id='word_1_33' title='bbox 355 538 403 582; x_wconf 91' lang='lat' dir='ltr'>tuo</span> <span class='ocrx_word' id='word_1_34' title='bbox 416 530 560 599; x_wconf 90' lang='lat' dir='ltr'>quondam,</span> <span class='ocrx_word' id='word_1_35' title='bbox 571 528 751 595; x_wconf 80' lang='lat' dir='ltr'>Polypheme,</span> <span class='ocrx_word' id='word_1_36' title='bbox 764 531 858 593; x_wconf 90' lang='lat' dir='ltr'>calori,</span> 
     </span>
     <span class='ocr_line' id='line_1_7' title="bbox 164 599 809 668; baseline -0.005 -15"><span class='ocrx_word' id='word_1_37' title='bbox 164 603 237 653; x_wconf 88' lang='lat' dir='ltr'>Dum</span> <span class='ocrx_word' id='word_1_38' title='bbox 247 600 317 668; x_wconf 88' lang='lat' dir='ltr'>fugit</span> <span class='ocrx_word' id='word_1_39' title='bbox 328 606 464 668; x_wconf 79' lang='lat' dir='ltr'>agrestem</span> <span class='ocrx_word' id='word_1_40' title='bbox 474 599 586 650; x_wconf 82' lang='lat' dir='ltr'>violenti</span> <span class='ocrx_word' id='word_1_41' title='bbox 599 600 719 665; x_wconf 84' lang='lat' dir='ltr'>pectoris</span> <span class='ocrx_word' id='word_1_42' title='bbox 728 601 809 662; x_wconf 87' lang='lat' dir='ltr'>iram,</span> 
     </span>
    </p>

    <p class='ocr_par' dir='ltr' id='par_1_6' title="bbox 105 666 895 875">
     <span class='ocr_line' id='line_1_8' title="bbox 105 666 843 736; baseline -0.001 -15"><span class='ocrx_word' id='word_1_43' title='bbox 105 671 155 721; x_wconf 75' lang='lat'>225</span> <span class='ocrx_word' id='word_1_44' title='bbox 168 672 198 722; x_wconf 92' lang='lat' dir='ltr'>ln</span> <span class='ocrx_word' id='word_1_45' title='bbox 212 676 307 721; x_wconf 91' lang='lat' dir='ltr'>tenues</span> <span class='ocrx_word' id='word_1_46' title='bbox 319 669 482 736; x_wconf 82' lang='lat' dir='ltr'>liquefactus</span> <span class='ocrx_word' id='word_1_47' title='bbox 494 683 578 735; x_wconf 87' lang='lat' dir='ltr'>aquas</span> <span class='ocrx_word' id='word_1_48' title='bbox 588 669 675 718; x_wconf 79' lang='lat' dir='ltr'>evasit</span> <span class='ocrx_word' id='word_1_49' title='bbox 685 674 714 718; x_wconf 91' lang='lat' dir='ltr'>et</span> <span class='ocrx_word' id='word_1_50' title='bbox 723 666 843 733; x_wconf 91' lang='lat' dir='ltr'>hostem,</span> 
     </span>
     <span class='ocr_line' id='line_1_9' title="bbox 164 738 839 802; baseline -0.001 -11"><span class='ocrx_word' id='word_1_51' title='bbox 164 742 201 791; x_wconf 83' lang='lat' dir='ltr'>Et</span> <span class='ocrx_word' id='word_1_52' title='bbox 211 739 260 790; x_wconf 91' lang='lat' dir='ltr'>tibi</span> <span class='ocrx_word' id='word_1_53' title='bbox 270 740 419 802; x_wconf 81' lang='lat' dir='ltr'>victricem,</span> <span class='ocrx_word' id='word_1_54' title='bbox 433 738 560 799; x_wconf 81' lang='lat' dir='ltr'>Galatea,</span> <span class='ocrx_word' id='word_1_55' title='bbox 570 738 718 788; x_wconf 85' lang='lat' dir='ltr'><strong>immiscuit</strong></span> <span class='ocrx_word' id='word_1_56' title='bbox 727 738 839 790; x_wconf 89' lang='lat' dir='ltr'>undam.</span> 
     </span>
     <span class='ocr_line' id='line_1_10' title="bbox 164 806 895 875; baseline 0.001 -16"><span class='ocrx_word' id='word_1_57' title='bbox 164 809 291 860; x_wconf 90' lang='lat' dir='ltr'>Necnon</span> <span class='ocrx_word' id='word_1_58' title='bbox 309 809 354 875; x_wconf 90' lang='lat' dir='ltr'>qui</span> <span class='ocrx_word' id='word_1_59' title='bbox 372 814 470 874; x_wconf 92' lang='lat' dir='ltr'>potant</span> <span class='ocrx_word' id='word_1_60' title='bbox 483 809 662 874; x_wconf 85' lang='lat' dir='ltr'><strong>Hypsamque</strong></span> <span class='ocrx_word' id='word_1_61' title='bbox 678 806 840 875; x_wconf 84' lang='lat' dir='ltr'><strong>Alabimque</strong></span> <span class='ocrx_word' id='word_1_62' title='bbox 859 822 895 860; x_wconf 84' lang='lat' dir='ltr'>so·</span> 
     </span>
    </p>

    <p class='ocr_par' dir='ltr' id='par_1_7' title="bbox 638 889 731 938">
     <span class='ocr_line' id='line_1_11' title="bbox 638 889 731 938; baseline 0.022 -14"><span class='ocrx_word' id='word_1_63' title='bbox 638 889 731 938; x_wconf 82' lang='lat' dir='ltr'>noros,</span> 
     </span>
    </p>

    <p class='ocr_par' dir='ltr' id='par_1_8' title="bbox 164 943 829 1013">
     <span class='ocr_line' id='line_1_12' title="bbox 164 943 829 1013; baseline -0.002 -16"><span class='ocrx_word' id='word_1_64' title='bbox 164 949 201 997; x_wconf 84' lang='lat' dir='ltr'>Et</span> <span class='ocrx_word' id='word_1_65' title='bbox 213 946 399 1012; x_wconf 84' lang='lat' dir='ltr'>perlucentem</span> <span class='ocrx_word' id='word_1_66' title='bbox 409 946 562 1013; x_wconf 85' lang='lat' dir='ltr'>splendenti</span> <span class='ocrx_word' id='word_1_67' title='bbox 571 945 680 1013; x_wconf 83' lang='lat' dir='ltr'>gurgite</span> <span class='ocrx_word' id='word_1_68' title='bbox 692 943 829 998; x_wconf 79' lang='lat' dir='ltr'>Achatem</span> 
     </span>
    </p>

    <p class='ocr_par' dir='ltr' id='par_1_9' title="bbox 105 1013 875 1201">
     <span class='ocr_line' id='line_1_13' title="bbox 166 1013 875 1082; baseline 0 -17"><span class='ocrx_word' id='word_1_69' title='bbox 166 1016 219 1077; x_wconf 76' lang='lat' dir='ltr'>Qui</span> <span class='ocrx_word' id='word_1_70' title='bbox 229 1014 328 1077; x_wconf 85' lang='lat' dir='ltr'>fontes,</span> <span class='ocrx_word' id='word_1_71' title='bbox 341 1030 411 1082; x_wconf 81' lang='lat' dir='ltr'>vage</span> <span class='ocrx_word' id='word_1_72' title='bbox 422 1013 535 1081; x_wconf 84' lang='lat' dir='ltr'>Chrysa,</span> <span class='ocrx_word' id='word_1_73' title='bbox 547 1021 619 1077; x_wconf 89' lang='lat' dir='ltr'>tuos,</span> <span class='ocrx_word' id='word_1_74' title='bbox 632 1019 660 1064; x_wconf 93' lang='lat' dir='ltr'>et</span> <span class='ocrx_word' id='word_1_75' title='bbox 669 1017 801 1081; x_wconf 88' lang='lat' dir='ltr'>pauperis</span> <span class='ocrx_word' id='word_1_76' title='bbox 812 1015 875 1067; x_wconf 76' lang='lat' dir='ltr'>alvei</span> 
     </span>
     <span class='ocr_line' id='line_1_14' title="bbox 105 1083 826 1201; baseline 0 -66"><span class='ocrx_word' id='word_1_77' title='bbox 105 1085 154 1135; x_wconf 82' lang='lat'>23⁰</span> <span class='ocrx_word' id='word_1_78' title='bbox 166 1085 309 1151; x_wconf 88' lang='lat' dir='ltr'>Hipparin,</span> <span class='ocrx_word' id='word_1_79' title='bbox 320 1099 354 1134; x_wconf 92' lang='lat' dir='ltr'>ac</span> <span class='ocrx_word' id='word_1_80' title='bbox 365 1083 473 1135; x_wconf 82' lang='lat' dir='ltr'>facilem</span> <span class='ocrx_word' id='word_1_81' title='bbox 486 1084 608 1150; x_wconf 90' lang='lat' dir='ltr'>superari</span> <span class='ocrx_word' id='word_1_82' title='bbox 619 1084 728 1201; x_wconf 59' lang='lat' dir='ltr'>gurgite</span> <span class='ocrx_word' id='word_1_83' title='bbox 739 1099 826 1150; x_wconf 90' lang='lat' dir='ltr'>parco</span> 
     </span>
    </p>

    <p class='ocr_par' dir='ltr' id='par_1_10' title="bbox 164 1151 892 1221">
     <span class='ocr_line' id='line_1_15' title="bbox 164 1151 892 1221; baseline -0.001 -17"><span class='ocrx_word' id='word_1_84' title='bbox 164 1154 334 1221; x_wconf 85' lang='lat' dir='ltr'>Pantagiam,</span> <span class='ocrx_word' id='word_1_85' title='bbox 346 1154 487 1221; x_wconf 85' lang='lat' dir='ltr'>rapidique</span> <span class='ocrx_word' id='word_1_86' title='bbox 500 1151 668 1204; x_wconf 87' lang='lat' dir='ltr'>coluntvada</span> <span class='ocrx_word' id='word_1_87' title='bbox 710 1151 892 1219; x_wconf 82' lang='lat' dir='ltr'>raSymaethi.</span> 
     </span>
    </p>

    <p class='ocr_par' dir='ltr' id='par_1_11' title="bbox 163 1221 815 1290">
     <span class='ocr_line' id='line_1_16' title="bbox 163 1221 815 1290; baseline 0.003 -18"><span class='ocrx_word' id='word_1_88' title='bbox 163 1223 262 1274; x_wconf 87' lang='lat' dir='ltr'>Litora</span> <span class='ocrx_word' id='word_1_89' title='bbox 273 1222 463 1285; x_wconf 88' lang='lat' dir='ltr'>Thermarum,</span> <span class='ocrx_word' id='word_1_90' title='bbox 475 1224 566 1290; x_wconf 82' lang='lat' dir='ltr'>prisca</span> <span class='ocrx_word' id='word_1_91' title='bbox 575 1221 673 1272; x_wconf 89' lang='lat' dir='ltr'>dotata</span> <span class='ocrx_word' id='word_1_92' title='bbox 684 1222 815 1284; x_wconf 84' lang='lat' dir='ltr'>Camena,</span> 
     </span>
    </p>

    <p class='ocr_par' dir='ltr' id='par_1_12' title="bbox 164 1291 825 1358">
     <span class='ocr_line' id='line_1_17' title="bbox 164 1291 825 1358; baseline 0.006 -18"><span class='ocrx_word' id='word_1_93' title='bbox 164 1293 309 1342; x_wconf 80' lang='lat' dir='ltr'>drmavere</span> <span class='ocrx_word' id='word_1_94' title='bbox 321 1307 395 1353; x_wconf 85' lang='lat' dir='ltr'>suos,</span> <span class='ocrx_word' id='word_1_95' title='bbox 407 1307 461 1358; x_wconf 91' lang='lat' dir='ltr'>qua</span> <span class='ocrx_word' id='word_1_96' title='bbox 471 1293 602 1358; x_wconf 87' lang='lat' dir='ltr'>mergitur</span> <span class='ocrx_word' id='word_1_97' title='bbox 613 1291 729 1342; x_wconf 87' lang='lat' dir='ltr'>Himera</span> <span class='ocrx_word' id='word_1_98' title='bbox 738 1299 825 1358; x_wconf 86' lang='lat' dir='ltr'>ponto</span> 
     </span>
    </p>

    <p class='ocr_par' dir='ltr' id='par_1_13' title="bbox 164 1359 776 1426">
     <span class='ocr_line' id='line_1_18' title="bbox 164 1359 776 1426; baseline 0.008 -18"><span class='ocrx_word' id='word_1_99' title='bbox 164 1359 265 1410; x_wconf 56' lang='lat' dir='ltr'>,heolio</span> <span class='ocrx_word' id='word_1_100' title='bbox 294 1359 363 1410; x_wconf 88' lang='lat' dir='ltr'>Nam</span> <span class='ocrx_word' id='word_1_101' title='bbox 376 1360 499 1410; x_wconf 80' lang='lat' dir='ltr'>dividuas</span> <span class='ocrx_word' id='word_1_102' title='bbox 509 1374 539 1410; x_wconf 90' lang='lat' dir='ltr'>se</span> <span class='ocrx_word' id='word_1_103' title='bbox 549 1360 649 1411; x_wconf 90' lang='lat' dir='ltr'>scindit</span> <span class='ocrx_word' id='word_1_104' title='bbox 656 1361 685 1410; x_wconf 91' lang='lat' dir='ltr'>in</span> <span class='ocrx_word' id='word_1_105' title='bbox 698 1375 776 1426; x_wconf 80' lang='lat' dir='ltr'>oras3</span> 
     </span>
    </p>

    <p class='ocr_par' dir='ltr' id='par_1_14' title="bbox 104 1427 890 1565">
     <span class='ocr_line' id='line_1_19' title="bbox 104 1427 890 1498; baseline 0.009 -21"><span class='ocrx_word' id='word_1_106' title='bbox 104 1427 153 1477; x_wconf 79' lang='lat'>235</span> <span class='ocrx_word' id='word_1_107' title='bbox 165 1427 222 1478; x_wconf 90' lang='lat' dir='ltr'>Nec</span> <span class='ocrx_word' id='word_1_108' title='bbox 232 1429 319 1478; x_wconf 77' lang='lat' dir='ltr'>nunus</span> <span class='ocrx_word' id='word_1_109' title='bbox 331 1443 445 1479; x_wconf 86' lang='lat' dir='ltr'>occasus</span> <span class='ocrx_word' id='word_1_110' title='bbox 456 1430 526 1496; x_wconf 86' lang='lat' dir='ltr'>petit</span> <span class='ocrx_word' id='word_1_111' title='bbox 535 1430 629 1492; x_wconf 88' lang='lat' dir='ltr'>incita,</span> <span class='ocrx_word' id='word_1_112' title='bbox 642 1445 724 1497; x_wconf 89' lang='lat' dir='ltr'>quam</span> <span class='ocrx_word' id='word_1_113' title='bbox 735 1434 807 1498; x_wconf 92' lang='lat' dir='ltr'>petit</span> <span class='ocrx_word' id='word_1_114' title='bbox 816 1438 890 1484; x_wconf 87' lang='lat' dir='ltr'>ortus.</span> 
     </span>
     <span class='ocr_line' id='line_1_20' title="bbox 164 1495 745 1565; baseline 0.005 -18"><span class='ocrx_word' id='word_1_115' title='bbox 164 1495 304 1548; x_wconf 87' lang='lat' dir='ltr'>Nebrodes</span> <span class='ocrx_word' id='word_1_116' title='bbox 315 1499 415 1565; x_wconf 91' lang='lat' dir='ltr'>gemini</span> <span class='ocrx_word' id='word_1_117' title='bbox 426 1500 512 1549; x_wconf 86' lang='lat' dir='ltr'>nutrit</span> <span class='ocrx_word' id='word_1_118' title='bbox 523 1499 641 1550; x_wconf 86' lang='lat' dir='ltr'>divortia</span> <span class='ocrx_word' id='word_1_119' title='bbox 651 1498 745 1563; x_wconf 85' lang='lat' dir='ltr'>fontis,</span> 
     </span>
    </p>

    <p class='ocr_par' dir='ltr' id='par_1_15' title="bbox 162 1566 889 1776">
     <span class='ocr_line' id='line_1_21' title="bbox 164 1566 822 1636; baseline 0.006 -20"><span class='ocrx_word' id='word_1_120' title='bbox 164 1568 223 1627; x_wconf 75' lang='lat' dir='ltr'>Quo</span> <span class='ocrx_word' id='word_1_121' title='bbox 234 1581 312 1617; x_wconf 89' lang='lat' dir='ltr'>mons</span> <span class='ocrx_word' id='word_1_122' title='bbox 324 1566 434 1619; x_wconf 89' lang='lat' dir='ltr'>Sicania</span> <span class='ocrx_word' id='word_1_123' title='bbox 442 1583 498 1619; x_wconf 92' lang='lat' dir='ltr'>non</span> <span class='ocrx_word' id='word_1_124' title='bbox 509 1571 596 1636; x_wconf 86' lang='lat' dir='ltr'>surgit</span> <span class='ocrx_word' id='word_1_125' title='bbox 606 1568 690 1619; x_wconf 84' lang='lat' dir='ltr'>ditior·</span> <span class='ocrx_word' id='word_1_126' title='bbox 699 1571 822 1622; x_wconf 86' lang='lat' dir='ltr'>umbrae.</span> 
     </span>
     <span class='ocr_line' id='line_1_22' title="bbox 162 1636 889 1691; baseline -0.001 -5"><span class='ocrx_word' id='word_1_127' title='bbox 162 1637 260 1687; x_wconf 90' lang='lat' dir='ltr'>Henna</span> <span class='ocrx_word' id='word_1_128' title='bbox 271 1636 360 1687; x_wconf 79' lang='lat' dir='ltr'>Derim</span> <span class='ocrx_word' id='word_1_129' title='bbox 370 1638 439 1689; x_wconf 86' lang='lat' dir='ltr'>lucis</span> <span class='ocrx_word' id='word_1_130' title='bbox 450 1653 557 1689; x_wconf 88' lang='lat' dir='ltr'>sacram</span> <span class='ocrx_word' id='word_1_131' title='bbox 573 1637 648 1688; x_wconf 91' lang='lat' dir='ltr'>dedit</span> <span class='ocrx_word' id='word_1_132' title='bbox 664 1638 752 1689; x_wconf 89' lang='lat' dir='ltr'>ardua</span> <span class='ocrx_word' id='word_1_133' title='bbox 767 1640 889 1691; x_wconf 83' lang='lat' dir='ltr'>dextram.</span> 
     </span>
     <span class='ocr_line' id='line_1_23' title="bbox 162 1705 830 1776; baseline 0.006 -20"><span class='ocrx_word' id='word_1_134' title='bbox 162 1705 215 1756; x_wconf 90' lang='lat' dir='ltr'>Hic</span> <span class='ocrx_word' id='word_1_135' title='bbox 226 1721 332 1772; x_wconf 85' lang='lat' dir='ltr'>specus,</span> <span class='ocrx_word' id='word_1_136' title='bbox 344 1709 482 1776; x_wconf 88' lang='lat' dir='ltr'>ingentem</span> <span class='ocrx_word' id='word_1_137' title='bbox 492 1708 587 1759; x_wconf 87' lang='lat' dir='ltr'>laxans</span> <span class='ocrx_word' id='word_1_138' title='bbox 599 1706 703 1758; x_wconf 88' lang='lat' dir='ltr'>telluris</span> <span class='ocrx_word' id='word_1_139' title='bbox 716 1706 830 1770; x_wconf 88' lang='lat' dir='ltr'>hiatum,</span> 
     </span>
    </p>

    <p class='ocr_par' dir='ltr' id='par_1_16' title="bbox 103 1775 881 1982">
     <span class='ocr_line' id='line_1_24' title="bbox 103 1775 861 1845; baseline 0.005 -22"><span class='ocrx_word' id='word_1_140' title='bbox 103 1775 152 1824; x_wconf 74' lang='lat'>240</span> <span class='ocrx_word' id='word_1_141' title='bbox 164 1777 280 1826; x_wconf 85' lang='lat' dir='ltr'>Caecum</span> <span class='ocrx_word' id='word_1_142' title='bbox 290 1778 344 1828; x_wconf 87' lang='lat' dir='ltr'>iter</span> <span class='ocrx_word' id='word_1_143' title='bbox 354 1779 388 1828; x_wconf 87' lang='lat' dir='ltr'>ad</span> <span class='ocrx_word' id='word_1_144' title='bbox 398 1793 491 1828; x_wconf 90' lang='lat' dir='ltr'>manes</span> <span class='ocrx_word' id='word_1_145' title='bbox 503 1776 649 1827; x_wconf 88' lang='lat' dir='ltr'>tenebroso</span> <span class='ocrx_word' id='word_1_146' title='bbox 661 1776 748 1828; x_wconf 90' lang='lat' dir='ltr'>limite</span> <span class='ocrx_word' id='word_1_147' title='bbox 762 1779 861 1845; x_wconf 88' lang='lat' dir='ltr'>pandit,</span> 
     </span>
     <span class='ocr_line' id='line_1_25' title="bbox 162 1845 832 1915; baseline 0.006 -20"><span class='ocrx_word' id='word_1_148' title='bbox 162 1845 223 1906; x_wconf 77' lang='lat' dir='ltr'>Qua</span> <span class='ocrx_word' id='word_1_149' title='bbox 233 1862 319 1898; x_wconf 87' lang='lat' dir='ltr'>novus</span> <span class='ocrx_word' id='word_1_150' title='bbox 329 1850 438 1915; x_wconf 89' lang='lat' dir='ltr'>ignotas</span> <span class='ocrx_word' id='word_1_151' title='bbox 450 1847 626 1912; x_wconf 83' lang='lat' dir='ltr'>Hymenaeus</span> <span class='ocrx_word' id='word_1_152' title='bbox 636 1847 749 1896; x_wconf 84' lang='lat' dir='ltr'>venitin</span> <span class='ocrx_word' id='word_1_153' title='bbox 762 1863 832 1899; x_wconf 89' lang='lat' dir='ltr'>oras.</span> 
     </span>
     <span class='ocr_line' id='line_1_26' title="bbox 159 1912 881 1982; baseline 0.003 -18"><span class='ocrx_word' id='word_1_154' title='bbox 159 1914 220 1964; x_wconf 92' lang='lat' dir='ltr'>Hac</span> <span class='ocrx_word' id='word_1_155' title='bbox 232 1912 343 1982; x_wconf 85' lang='lat' dir='ltr'>Stygius</span> <span class='ocrx_word' id='word_1_156' title='bbox 357 1916 505 1982; x_wconf 89' lang='lat' dir='ltr'>quondam,</span> <span class='ocrx_word' id='word_1_157' title='bbox 523 1915 678 1966; x_wconf 91' lang='lat' dir='ltr'>stimulante</span> <span class='ocrx_word' id='word_1_158' title='bbox 693 1916 839 1981; x_wconf 89' lang='lat' dir='ltr'>Cupidine,</span> <span class='ocrx_word' id='word_1_159' title='bbox 856 1931 881 1966; x_wconf 85' lang='lat' dir='ltr'>re</span> 
     </span>
    </p>

    <p class='ocr_par' dir='ltr' id='par_1_17' title="bbox 159 1989 868 2188">
     <span class='ocr_line' id='line_1_27' title="bbox 636 1989 696 2033; baseline 0 0"><span class='ocrx_word' id='word_1_160' title='bbox 636 1989 696 2033; x_wconf 88' lang='lat' dir='ltr'>ctor</span> 
     </span>
     <span class='ocr_line' id='line_1_28' title="bbox 160 2051 868 2119; baseline 0.006 -19"><span class='ocrx_word' id='word_1_161' title='bbox 160 2052 246 2101; x_wconf 82' lang='lat' dir='ltr'>Ausus</span> <span class='ocrx_word' id='word_1_162' title='bbox 258 2051 331 2101; x_wconf 89' lang='lat' dir='ltr'>adire</span> <span class='ocrx_word' id='word_1_163' title='bbox 343 2051 423 2114; x_wconf 88' lang='lat' dir='ltr'>diem,</span> <span class='ocrx_word' id='word_1_164' title='bbox 435 2059 596 2119; x_wconf 86' lang='lat' dir='ltr'>maestoque</span> <span class='ocrx_word' id='word_1_165' title='bbox 607 2051 763 2106; x_wconf 77' lang='lat' dir='ltr'>Acheronte</span> <span class='ocrx_word' id='word_1_166' title='bbox 774 2057 868 2107; x_wconf 80' lang='lat' dir='ltr'>relicto</span> 
     </span>
     <span class='ocr_line' id='line_1_29' title="bbox 159 2120 772 2188; baseline 0.01 -19"><span class='ocrx_word' id='word_1_167' title='bbox 159 2121 224 2186; x_wconf 86' lang='lat' dir='ltr'>Egit</span> <span class='ocrx_word' id='word_1_168' title='bbox 233 2121 261 2169; x_wconf 91' lang='lat' dir='ltr'>in</span> <span class='ocrx_word' id='word_1_169' title='bbox 272 2120 379 2171; x_wconf 86' lang='lat' dir='ltr'>illicitas</span> <span class='ocrx_word' id='word_1_170' title='bbox 391 2137 499 2172; x_wconf 84' lang='lat' dir='ltr'>currum</span> <span class='ocrx_word' id='word_1_171' title='bbox 511 2137 560 2188; x_wconf 87' lang='lat' dir='ltr'>per</span> <span class='ocrx_word' id='word_1_172' title='bbox 570 2124 662 2173; x_wconf 90' lang='lat' dir='ltr'>inania</span> <span class='ocrx_word' id='word_1_173' title='bbox 672 2129 772 2175; x_wconf 85' lang='lat' dir='ltr'>terras.</span> 
     </span>
    </p>

    <p class='ocr_par' dir='ltr' id='par_1_18' title="bbox 99 2189 892 2396">
     <span class='ocr_line' id='line_1_30' title="bbox 99 2189 812 2259; baseline 0.01 -22"><span class='ocrx_word' id='word_1_174' title='bbox 99 2189 148 2238; x_wconf 82' lang='lat'>245</span> <span class='ocrx_word' id='word_1_175' title='bbox 160 2190 231 2239; x_wconf 87' lang='lat' dir='ltr'>Tum</span> <span class='ocrx_word' id='word_1_176' title='bbox 242 2195 321 2253; x_wconf 83' lang='lat' dir='ltr'>rapta</span> <span class='ocrx_word' id='word_1_177' title='bbox 332 2205 464 2257; x_wconf 86' lang='lat' dir='ltr'>praeceps</span> <span class='ocrx_word' id='word_1_178' title='bbox 475 2192 609 2242; x_wconf 90' lang='lat' dir='ltr'>Hennaea</span> <span class='ocrx_word' id='word_1_179' title='bbox 618 2193 722 2259; x_wconf 84' lang='lat' dir='ltr'>virgine</span> <span class='ocrx_word' id='word_1_180' title='bbox 734 2191 812 2245; x_wconf 79' lang='lat' dir='ltr'>flexit</span> 
     </span>
     <span class='ocr_line' id='line_1_31' title="bbox 157 2259 739 2328; baseline 0.009 -20"><span class='ocrx_word' id='word_1_181' title='bbox 157 2259 294 2308; x_wconf 80' lang='lat' dir='ltr'>Attonitos</span> <span class='ocrx_word' id='word_1_182' title='bbox 308 2259 376 2308; x_wconf 90' lang='lat' dir='ltr'>cocli</span> <span class='ocrx_word' id='word_1_183' title='bbox 385 2260 444 2309; x_wconf 82' lang='lat' dir='ltr'>visu</span> <span class='ocrx_word' id='word_1_184' title='bbox 455 2260 597 2327; x_wconf 88' lang='lat' dir='ltr'>lucemque</span> <span class='ocrx_word' id='word_1_185' title='bbox 608 2268 739 2328; x_wconf 72' lang='lat' dir='ltr'>paventes</span> 
     </span>
     <span class='ocr_line' id='line_1_32' title="bbox 159 2325 892 2396; baseline 0.005 -19"><span class='ocrx_word' id='word_1_186' title='bbox 159 2329 188 2377; x_wconf 93' lang='lat' dir='ltr'>ln</span> <span class='ocrx_word' id='word_1_187' title='bbox 200 2325 288 2394; x_wconf 86' lang='lat' dir='ltr'>Styga</span> <span class='ocrx_word' id='word_1_188' title='bbox 297 2342 390 2378; x_wconf 89' lang='lat' dir='ltr'>rursus</span> <span class='ocrx_word' id='word_1_189' title='bbox 402 2342 501 2395; x_wconf 90' lang='lat' dir='ltr'>equos,</span> <span class='ocrx_word' id='word_1_190' title='bbox 524 2335 551 2380; x_wconf 87' lang='lat' dir='ltr'>et</span> <span class='ocrx_word' id='word_1_191' title='bbox 563 2332 693 2396; x_wconf 88' lang='lat' dir='ltr'>praedam</span> <span class='ocrx_word' id='word_1_192' title='bbox 705 2333 831 2385; x_wconf 91' lang='lat' dir='ltr'>condidit</span> <span class='ocrx_word' id='word_1_193' title='bbox 841 2349 892 2385; x_wconf 91' lang='lat' dir='ltr'>um·</span> 
     </span>
    </p>

    <p class='ocr_par' dir='ltr' id='par_1_19' title="bbox 78 2401 882 2754">
     <span class='ocr_line' id='line_1_33' title="bbox 626 2401 691 2451; baseline -0.015 0"><span class='ocrx_word' id='word_1_194' title='bbox 626 2401 691 2451; x_wconf 90' lang='lat' dir='ltr'>bris.</span> 
     </span>
     <span class='ocr_line' id='line_1_34' title="bbox 157 2466 775 2535; baseline 0.015 -21"><span class='ocrx_word' id='word_1_195' title='bbox 157 2466 293 2516; x_wconf 87' lang='lat' dir='ltr'>Romanos</span> <span class='ocrx_word' id='word_1_196' title='bbox 306 2466 424 2518; x_wconf 86' lang='lat' dir='ltr'>Petraea</span> <span class='ocrx_word' id='word_1_197' title='bbox 435 2467 527 2529; x_wconf 89' lang='lat' dir='ltr'>duces,</span> <span class='ocrx_word' id='word_1_198' title='bbox 539 2469 664 2519; x_wconf 90' lang='lat' dir='ltr'>Romana</span> <span class='ocrx_word' id='word_1_199' title='bbox 675 2471 775 2535; x_wconf 81' lang='lat' dir='ltr'>petivit</span> 
     </span>
     <span class='ocr_line' id='line_1_35' title="bbox 151 2533 836 2607; baseline 0.012 -21"><span class='ocrx_word' id='word_1_200' title='bbox 151 2533 280 2587; x_wconf 84' lang='lat' dir='ltr'>Foedera</span> <span class='ocrx_word' id='word_1_201' title='bbox 293 2536 441 2607; x_wconf 81' lang='lat' dir='ltr'>Callipolis,</span> <span class='ocrx_word' id='word_1_202' title='bbox 448 2536 618 2605; x_wconf 71' lang='lat' dir='ltr'>lapidosique</span> <span class='ocrx_word' id='word_1_203' title='bbox 630 2540 756 2606; x_wconf 82' lang='lat' dir='ltr'>Enguion</span> <span class='ocrx_word' id='word_1_204' title='bbox 767 2547 836 2606; x_wconf 81' lang='lat' dir='ltr'>arvi,</span> 
     </span>
     <span class='ocr_line' id='line_1_36' title="bbox 78 2606 882 2680; baseline 0.009 -24"><span class='ocrx_word' id='word_1_205' title='bbox 78 2606 134 2656; x_wconf 79' lang='lat'>250</span> <span class='ocrx_word' id='word_1_206' title='bbox 144 2606 328 2674; x_wconf 89' lang='lat' dir='ltr'>Hadranum,</span> <span class='ocrx_word' id='word_1_207' title='bbox 338 2611 536 2680; x_wconf 71' lang='lat' dir='ltr'>Ergetumquu</span> <span class='ocrx_word' id='word_1_208' title='bbox 545 2607 755 2671; x_wconf 51' lang='lat' dir='ltr'>s&#39;immmehmue</span> <span class='ocrx_word' id='word_1_209' title='bbox 763 2613 882 2674; x_wconf 63' lang='lat' dir='ltr'>superisa</span> 
     </span>
     <span class='ocr_line' id='line_1_37' title="bbox 133 2674 813 2754; baseline -0.019 -19"><span class='ocrx_word' id='word_1_210' title='bbox 133 2679 293 2754; x_wconf 82' lang='lat' dir='ltr'>Lanigera</span> <span class='ocrx_word' id='word_1_211' title='bbox 305 2683 421 2746; x_wconf 86' lang='lat' dir='ltr'>Melite,</span> <span class='ocrx_word' id='word_1_212' title='bbox 433 2679 545 2735; x_wconf 81' lang='lat' dir='ltr'>etiitus</span> <span class='ocrx_word' id='word_1_213' title='bbox 554 2674 813 2745; x_wconf 67' lang='lat' dir='ltr'>piscosadiehaosa,</span> 
     </span>
    </p>
   </div>
   <div class='ocr_carea' id='block_1_4' title="bbox 0 0 964 2962">
    <p class='ocr_par' dir='ltr' id='par_1_20' title="bbox 0 0 964 2962">
     <span class='ocr_line' id='line_1_38' title="bbox 0 0 964 2962; baseline 0 1"><span class='ocrx_word' id='word_1_214' title='bbox 0 0 964 2962; x_wconf 95' lang='lat' dir='ltr'> </span> 
     </span>
    </p>
   </div>
  </div>
 </body>
</html>
