1920 2962
97 161 347 214 PUNICORUM
377 162 457 214 LlB.
482 165 529 214 lx.
637 164 688 216 1⁹⁵

46 297 82 344 ie,
94 288 122 332 et
132 283 240 334 Boreae
251 287 357 348 parent,
369 283 496 350 Corique,
507 281 635 351 Notique,

46 367 63 401 :e
74 352 211 416 precibus,
223 353 358 419 pronaeae
366 349 439 411 haud
450 367 535 418 parva
545 351 669 416 ferentia,

46 427 123 471 ntem
134 421 236 472 Aetolis
247 421 411 474 Vulturnum
422 422 450 470 in
462 419 567 487 proelia
578 424 681 488 campie
699 420 751 471 495

49 495 86 540 at.
122 490 219 542 Placet
228 488 273 541 hic
281 492 340 541 irae
351 490 497 541 exitiabilis
509 489 590 541 ultor.

46 575 72 610 ae
89 568 235 626 postquam
248 561 352 610 Aetnae
363 561 458 678 merulfi
469 559 602 610 candente
613 560 691 610 bara·

427 635 440 678 t
459 644 500 691 re,

46 697 140 762 pitque
150 699 237 764 ignee,
248 702 277 746 et
286 694 414 748 flammea
424 699 538 764 protulit
549 713 607 760 ora,

46 771 54 815 t
64 763 202 817 horrendo
213 765 340 827 stridore,
352 781 385 816 ae
396 766 505 817 Daunia
514 782 601 835 regna

45 839 66 897 t,
77 850 161 903 agene
174 849 285 886 eaeeam
294 834 448 902 glomerato
459 836 570 902 pulvere
582 836 689 887 nubem.
705 835 755 886 500

46 919 88 956 ere
100 904 194 956 oeulos
205 919 299 967 aurae,
311 919 475 971 vocemque,
487 920 650 972 manusque:

46 989 69 1024 :e
81 989 198 1025 arenoso
211 974 360 1024 candentes
371 972 472 1037 (flebile
484 975 571 1039 dictu)

46 1050 80 1093 let
89 1045 117 1094 in
129 1059 179 1094 ora
188 1043 285 1111 glebas
295 1043 408 1103 Italum,
420 1050 448 1094 et
457 1044 559 1096 bellare
570 1044 695 1111 maniplis

46 1113 182 1163 laetantur
193 1113 277 1163 rubie.
315 1112 387 1162 Tum
398 1113 470 1162 mole
481 1115 575 1164 minae
760 1151 762 1156 -

46 1188 120 1232 mtur
132 1181 229 1231 tellure
241 1186 270 1230 et
280 1180 357 1231 miles
369 1187 396 1231 et
407 1195 483 1231 arma
491 1183 642 1249 tubaeque;
706 1180 755 1231 005

52 1252 141 1301 omnis
152 1255 228 1302 retro
239 1248 306 1300 llatu
316 1258 479 1302 occursante
489 1251 609 1302 refertur

46 1336 78 1382 ea,
91 1326 119 1370 et
130 1321 157 1370 in
168 1326 276 1388 tergum
286 1319 393 1371 Rutulis
405 1321 479 1372 cadit
489 1323 582 1373 irritus
592 1324 672 1373 ictus.

51 1390 125 1441 idem
137 1388 218 1441 ssatus
228 1391 384 1441 Poenorum
395 1391 451 1441 tela
461 1392 620 1455 secundant,

46 1467 75 1510 ut
86 1466 195 1511 amente
206 1465 334 1511 contorta
344 1459 455 1511 hastilia
465 1461 547 1511 turbe

46 1536 81 1591 ut,
94 1545 127 1580 ac
139 1530 239 1595 Tyrius
250 1529 366 1596 impellit
375 1530 505 1580 stridulus
517 1529 620 1580 hastae.
706 1528 756 1577 010

50 1599 136 1650 dense
149 1597 243 1650 fauces
255 1599 415 1665 praeclusus
425 1599 546 1666 pulvere,
558 1598 635 1650 miles

46 1683 89 1718 am
100 1673 217 1719 mortem
229 1684 388 1735 compresso
401 1674 507 1718 maeret
515 1666 600 1717 hiatu.

46 1745 124 1805 eaput
135 1736 235 1789 ssavum
247 1738 363 1804 ealigine
375 1736 501 1786 conditus
513 1742 581 1796 atra,

46 1823 117 1868 mus,
129 1807 268 1873 multaque
280 1820 387 1856 cumam
399 1803 525 1870 penitusue
537 1817 628 1864 arena,

46 1891 140 1927 versos
152 1876 210 1943 agit
221 1891 238 1926 a
247 1881 327 1942 tergo
339 1873 517 1925 stridentibus
527 1872 584 1929 alie.
707 1873 757 1922 515
856 1937 861 1941 -

46 1984 49 2002 ,
61 1946 180 1996 mediam
190 1947 219 1995 in
229 1944 349 1996 frontem
360 1945 470 1994 veniens
483 1943 617 1994 clamante
634 1958 696 2009 pro-

434 2014 511 2075 cella,

46 2102 59 2135 s
71 2098 149 2134 arma
160 2085 257 2150 quatit,
268 2084 418 2151 patuloque
427 2083 547 2134 insibilat
558 2098 614 2134 ore.

46 2156 97 2204 lum
108 2155 229 2204 intentos
240 2168 357 2220 pugnae,
368 2155 569 2220 etiamiamque
577 2152 698 2203 ferentes

46 2226 58 2274 li
69 2223 164 2290 iugulo
178 2221 289 2283 ferrum,
301 2225 443 2273 conamine
456 2223 539 2272 ducto

51 2300 71 2355 t,
82 2293 261 2359 dextramque
271 2293 332 2358 ipsu
343 2291 376 2342 de
387 2292 497 2343 vulnere
510 2291 593 2342 vellit.
708 2288 758 2359 520

46 2364 96 2412 atis
105 2363 238 2412 Ausonias
250 2362 352 2426 passim
363 2359 477 2412 foedare
488 2360 627 2420 cohortes,

47 2438 119 2482 rtem
129 2431 215 2480 vomit
224 2431 362 2480 immixtas
372 2431 520 2498 mugitibus
531 2443 621 2489 auras,

46 2517 59 2552 e
71 2501 124 2550 Dei
138 2515 256 2550 summas
267 2499 361 2548 libavit
372 2499 480 2549 turbine
493 2499 598 2548 cristae.

50 2570 114 2621 dum
126 2569 263 2620 Romuleis
275 2573 390 2621 exercet
398 2568 623 2638 niualiatmmxa
765 2633 772 2642 ¹

46 2656 64 2689 rs
73 2638 161 2700 furor,
173 2646 203 2691 et
212 2641 338 2695 Mentem
351 2641 634 2701 aueeenuitininaa,
743 2623 806 2670 ’ὦ

46 2722 52 2736 ·
64 2709 143 2774 n‘rgo
155 2713 240 2769 nocie
249 2715 365 2771 lunone
376 2722 560 2789 pauentem}
588 2778 625 2833 ᾗ
635 2777 660 2823 2
