1920 2962
208 160 456 216 Punicorum
483 162 563 213 ΜΒ.
588 164 678 216 Vlll.=
764 169 814 221 161

68 287 136 353 lpsa
153 285 247 335 adero.
276 280 387 332 Tendat
400 281 557 333 iamdudum
579 283 608 333 in
620 283 726 356 Iapyga
741 303 813 339 cam-

567 367 621 402 um.

66 367 818 491 HucTrebiaerursumctThrasymgniiatasequentur.

68 494 143 544 Tum
155 491 239 553 Diva,
251 490 382 557 ludigetis
394 489 478 540 castis
489 493 660 543 contermina
668 493 746 555 lucis,

66 560 168 623 Haud,
178 561 279 628 inquit,
294 560 392 608 tuaius
403 558 481 609 nobis
492 566 643 627 praecepta
652 562 762 612 morari.
838 564 872 613 4⁰

68 629 113 682 Sit
123 629 166 681 fas
172 666 180 693 ,
192 631 229 681 sit
239 634 360 690 tantum,
373 643 488 695 quaeso,
501 630 620 681 retinere
631 630 754 682 favorem

67 700 204 768 Antiquae
217 699 323 765 patriae
333 697 518 764 mandataque
528 713 629 767 magna
638 701 755 763 sororis3

70 770 235 836 Quanquam
248 768 321 819 inter
332 765 429 817 Latios
439 767 532 817 Annae
547 774 603 818 stet
613 785 712 820 numen
726 767 811 820 hono-

546 851 599 888 res.

65 905 156 959 Multa
166 912 241 957 retro
254 922 346 958 rerum
356 908 443 968 iacet,
456 910 538 973 atque
549 907 708 975 ambagibus
720 907 780 957 aeri

67 977 139 1029 Obte
161 977 215 1026 ‘tur
226 974 311 1027 densa
324 975 438 1042 caligine
452 990 541 1026 mersa
551 982 683 1039 vetustas,
836 976 875 1026 45-

67 1048 121 1098 Cur
153 1059 254 1096 arrana
265 1045 358 1096 dicent
370 1046 485 1096 Oenotri
497 1048 607 1097 nomina
618 1046 729 1112 templo,

66 1116 105 1168 ne
143 1117 222 1183 isque
232 1115 390 1166 Aeneadum
401 1129 532 1181 germana
542 1115 648 1167 colatur
659 1116 773 1167 Elissae.

67 1131 235 1253 &gressis
245 1186 377 1251 stringam
388 1191 546 1234 revocatam
555 1185 589 1235 ab
602 1187 706 1253 origine
717 1184 816 1235 famam

66 1253 205 1308 Narrandi
214 1255 309 1316 metis,
320 1255 492 1322 breviterque
505 1255 617 1323 antiqua
627 1255 774 1306 revolvam.

66 1324 150 1376 Iliaco
164 1328 310 1390 postquam
322 1323 432 1375 deserta
443 1330 485 1374 est
496 1321 604 1391 hospite
613 1325 693 1386 Dido,
836 1324 868 1371 50

63 1392 102 1447 Et
112 1408 179 1461 spes
190 1392 308 1459 abrupta
318 1409 334 1445 e
344 1393 447 1455 medio,
458 1394 485 1444 in
497 1394 681 1460 penetralibus
694 1401 780 1445 atram

63 1462 193 1516 Festinat
203 1461 350 1513 furibunda
362 1478 468 1529 pyram.
488 1465 559 1513 'l'um
572 1466 685 1531 corripit
696 1480 786 1515 ensem

63 1536 150 1586 Certa
160 1532 250 1593 necis,
262 1531 371 1600 profugi
381 1533 480 1583 donum
494 1534 604 1583 exitiale
615 1535 713 1583 mariti.
821 1593 822 1596 Ἴ

60 1600 224 1670 Despectus
234 1601 333 1653 taedae
345 1603 435 1670 regnis
448 1618 477 1652 se
488 1603 604 1668 imponit
614 1604 742 1663 Hiarbas

59 1670 100 1725 Et
112 1670 211 1739 tepido
222 1668 292 1738 fugit
303 1673 378 1721 Anna
390 1687 467 1739 rogo.
488 1672 554 1732 Quis
565 1671 646 1721 rebus
658 1673 750 1737 egenis
835 1667 868 1716 55

56 1740 167 1794 Ferret
177 1754 270 1806 opem,
283 1740 437 1790 Nomadum
444 1741 499 1790 late
512 1745 633 1789 terrente
644 1737 779 1804 tyrannni

55 1808 168 1863 Battus
179 1810 305 1874 Cyrenen
316 1808 391 1859 molli
405 1818 463 1858 tum
474 1807 546 1858 forte
557 1805 669 1857 fovebat

54 1878 203 1948 imperio,
214 1880 287 1930 mitis
299 1879 412 1939 Battus,
424 1878 604 1943 lacrimasque
617 1876 723 1926 dedisse

56 1948 184 2003 Casibus
194 1943 319 1999 humanis
330 1947 425 1999 facilis.
446 1948 514 2009 Qui,
526 1945 647 2014 supplice
658 1947 725 2007 visa,

54 2016 214 2072 intremuit
223 2032 318 2086 regum
331 2025 456 2079 eventus,
467 2016 645 2083 dextramque
657 2016 782 2066 tetendit.
838 2016 870 2066 uo

56 2091 156 2157 Atque
168 2101 215 2149 ea,
227 2087 291 2138 dum
303 2086 387 2140 flavas
397 2089 439 2139 bis
450 2087 547 2139 tondet
557 2100 663 2136 messor
674 2086 782 2148 aristas,

58 2157 189 2211 Servata
197 2157 305 2208 interea
314 2158 407 2209 sedes:
419 2173 469 2208 nec
481 2156 588 2224 longius
599 2157 641 2206 uti

54 2226 118 2279 llis
130 2225 232 2294 opibus
241 2226 379 2293 Battoque
390 2225 450 2277 iuit.
469 2225 538 2276 Nam
550 2225 622 2277 ferre
635 2240 684 2292 pcr
695 2239 797 2291 aequor

56 2295 193 2350 Exitium
204 2297 321 2348 miserae
331 2298 385 2346 iam
397 2296 579 2363 Pygmaliona
590 2294 715 2344 docebat.

55 2363 144 2435 Ergo
156 2365 249 2433 agitur
259 2365 371 2433 pelago,
382 2365 458 2416 Diris
467 2365 578 2415 inimica
587 2364 701 2431 sibique,
837 2359 870 2410 65

57 2434 151 2499 Quod
162 2448 192 2485 se
205 2448 260 2485 non
272 2434 379 2486 dederit
390 2435 517 2485 comitem
526 2435 554 2483 in
566 2447 694 2500 suprema
704 2431 799 2480 sorori.

55 2500 169 2557 Donec
179 2504 312 2555 iactatam
322 2504 420 2555 laceris
432 2501 610 2566 (miserabile)
620 2501 687 2551 velis

54 2570 175 2627 Fatalis
184 2572 267 2624 turbo
277 2576 305 2625 in
317 2573 473 2626 Laurentes
484 2570 593 2642 expulit
603 2586 681 2624 oras.

53 2639 127 2694 Non
139 2641 219 2706 coeli,
230 2657 286 2697 non
295 2644 345 2699 illa
355 2646 410 2700 soli
419 2686 426 2714 ‚
436 2663 496 2700 non
509 2660 603 2718 gnara
612 2642 767 2698 colentum

45 2708 169 2763 Sidonis
177 2712 208 2763 in
217 2712 304 2771 Latio
315 2720 490 2791 trepidabat
501 2717 764 2789 naufragatum-

78 2778 214 2835 status
235 2786 341 2845 lrnu.
729 2780 768 2830 b

896 2688 941 2732 'ln
