1920 2962
225 154 477 222 Punicorum
506 166 587 219 nra.
616 169 663 220 ru.
778 171 811 220 or

70 284 168 339 Necte
179 291 327 337 terruerint
338 288 449 353 Tarpeii
461 286 584 338 culminis
592 290 684 356 ignes:

72 353 228 422 sacrilegas
237 357 310 406 inter
320 354 443 406 flammas
453 357 598 408 servabere
610 360 699 409 terris.
821 358 871 410 616

70 423 143 476 Nam
151 431 179 474 te
189 425 272 492 longa
282 430 393 475 manent
403 416 490 475 nostri
502 431 642 478 consortia
653 428 753 478 mundi.

71 495 147 546 Huic
157 493 234 544 laxos
245 508 325 544 arcus
337 493 401 544 olim
412 493 566 562 Gangetica
575 495 661 562 pubes

72 563 237 623 submittet,
249 577 405 630 vacuasque
416 565 562 615 ostendent
572 566 675 616 Bactra
686 563 837 631 pharetras.

70 633 128 684 Hic
141 639 169 682 et
179 632 213 683 ab
223 633 326 683 Arctoo
333 647 431 698 currus
443 639 507 701 aget
518 648 569 684 axe
581 648 631 701 per
641 635 751 696 Urbem,

71 702 168 754 Ducet
176 707 206 752 et
216 700 429 764 Eoos‚Baccho
441 703 555 754 cedente
562 703 741 771 ‚triumphos
823 704 873 755 615

71 771 163 833 idem,
173 770 359 839 indignantem
370 772 557 823 transmittere
567 772 698 823 Dardana
708 775 794 840 signa,

72 839 234 892 Sarmaticis
245 842 335 891 victor
346 845 504 906 compescet
513 840 622 892 sedibus
633 842 765 892 Histrum.

74 910 148 972 Quin
159 915 187 961 et
198 909 345 960 Romuleos
357 910 497 977 superabit
507 924 576 961 rece
589 916 712 976 nepotes,

75 979 146 1040 Quis
156 980 208 1030 erit
220 979 328 1046 eloquio
340 984 448 1044 partum
459 979 551 1030 doctis
571 980 645 1030 Huic
656 995 706 1031 sua
716 981 813 1032 Musae

72 1046 270 1110 Sacreferent3
283 1047 380 1098 melior
399 1048 875 1114 uelyra‚cnisubstitit}{ebrus,62tt

70 1118 112 1169 Et
120 1118 195 1168 venit
204 1114 388 1182 Rhodope,P
410 1118 481 1168 oebo
490 1118 615 1168 miranda
624 1118 760 1186 loquetur.

69 1186 123 1238 lile
135 1187 231 1249 etiam,
244 1201 297 1254 qua
306 1188 398 1253 prisca
409 1186 509 1250 (rides)
521 1193 577 1238 stat
586 1188 665 1254 regia
673 1188 761 1250 nobis,

72 1258 168 1308 Aurea
178 1257 299 1322 Tarpeia
308 1262 393 1322 ponet
404 1255 540 1322 capitolia
550 1271 627 1322 rupe,

71 1327 112 1378 Et
121 1326 216 1393 iunget
228 1329 323 1376 nostro
335 1324 500 1392 templorum
511 1325 629 1376 culmina
640 1325 726 1376 coelo.

73 1396 166 1458 Tunc,
177 1408 193 1445 ο
206 1400 270 1445 nate
282 1388 386 1457 De'dm,
398 1394 537 1463 Divosque
548 1397 659 1457 dature,
669 1395 766 1445 beatas
825 1392 875 1442 625

72 1465 194 1532 imperio
205 1470 294 1515 terras
304 1465 395 1531 patrio
405 1479 480 1533 rege.
509 1466 603 1516 Tarda
614 1470 753 1517 senectam

72 1534 207 1601 Hospitio
217 1535 354 1600 excipient
365 1534 450 1597 coeii,
462 1535 586 1603 solioque
599 1535 727 1597 Quirinus

73 1603 225 1666 Concedet,
234 1603 408 1670 mediumque
415 1619 514 1672 parens
521 1604 661 1673 fraterque
672 1602 814 1654 locabant:

73 1672 182 1725 Siderei
191 1675 270 1724 iuxta
280 1674 426 1724 radiabunt
436 1680 563 1741 tempora
573 1675 638 1724 nati.

71 1743 148 1794 Dum
158 1742 255 1810 pandit
265 1744 364 1793 seriem
375 1744 483 1793 venturi
493 1744 598 1807 iupiter
608 1743 677 1802 aevi,
825 1738 876 1788 636

72 1812 183 1864 Ductor
195 1813 368 1878 Agenoreus,
378 1811 490 1860 tumulis
501 1810 608 1860 delatus
617 1810 726 1875 iniquis,

71 1881 244 1948 Lapsantem
256 1879 339 1929 dubio
350 1879 456 1929 devexa
466 1893 516 1944 per
525 1879 599 1928 invia
609 1880 670 1928 nisu

72 1946 817 2017 Firmtbatgressum‚atquehumentiasaxapremebat.

72 2018 138 2072 Non
149 2020 223 2070 acies
234 2017 355 2069 hostisve
365 2023 455 2081 tenet,
468 2018 517 2069 sed
528 2033 616 2084 prona
626 2018 725 2068 minaci

72 2090 229 2155 Praerupta
240 2088 368 2149 turbant,
380 2094 408 2139 et
420 2089 545 2138 cautibus
557 2088 639 2138 obria
648 2102 738 2154 rupes.
826 2084 875 2134 635
938 2131 943 2143 ,

74 2157 156 2211 Stant
168 2159 267 2222 clausi3
279 2163 457 2224 maerentque
468 2172 574 2218 moras,
586 2162 615 2207 et
625 2158 693 2207 dura
703 2158 815 2206 viarum.

72 2226 134 2282 Nec
143 2226 271 2278 refovere
283 2227 365 2277 datur
374 2228 514 2293 torpentia
523 2227 646 2276 membra
658 2228 762 2292 quiete:

72 2296 192 2350 Noctem
202 2297 280 2362 operi
288 2298 419 2363 iungunt,
432 2301 460 2347 et
469 2295 572 2347 robora
583 2294 655 2345 ferre
669 2295 773 2345 coactis

76 2369 269 2435 Approperant
279 2364 413 2429 humeris,
425 2381 459 2417 ac
470 2372 565 2432 raptas
577 2365 691 2415 collibus
704 2377 796 2414 ornos.

76 2437 190 2504 Iamque
200 2435 247 2485 ubi
257 2435 395 2486 nudarunt
405 2435 473 2487 silva
484 2434 645 2485 densissima
655 2433 764 2491 montis,
828 2430 878 2480 646

77 2508 230 2574 aggessere
241 2505 349 2569 trabes3
361 2504 516 2572 rabidisque
530 2518 662 2554 accensus
674 2503 700 2552 in
715 2502 809 2551 orbem

75 2576 251 2643 Excoquitur
261 2574 377 2625 flammis
389 2573 526 2640 scopulus.
543 2574 611 2624 Mox
623 2578 738 2639 proruta
747 2569 821 2621 ferro

75 2646 134 2695 Dat
145 2644 275 2713 gemitum
285 2645 373 2711 putris
384 2643 507 2695 resoluto
519 2642 647 2710 pondere
655 2641 763 2698 mores,

74 2715 165 2783 Atque
175 2714 265 2783 aperit
273 2711 355 2770 fessis
367 2716 479 2788 antiqui
487 2730 580 2786 regna
586 2713 715 2833 1166ἒῖ
