1920 2962
197 116 451 170 PUNlCORUM
483 119 565 172 [ΑΒ.
589 122 662 174 XVl.
759 125 809 176 357

70 238 212 292 Sidonium
223 253 350 304 possessa
360 239 453 306 iugum
466 240 609 292 Tartessia
619 243 708 307 tellus,

67 308 129 360 Non
141 307 237 370 Fabio,
249 322 311 369 non,
323 312 383 374 quis
396 307 492 358 eadem
503 317 547 359 est
557 314 693 363 sententia
704 314 788 376 cordi,

69 377 254 444 Quoquamad
263 392 341 442 opem
349 391 438 439 verso,
449 375 549 441 fateor,
560 381 722 446 primoribus
729 384 804 433 annis
815 382 865 434 656

69 448 172 513 Excepi
182 446 281 497 nubem
291 444 364 510 belli,
376 446 503 514 solusque
513 450 605 499 ruenti

67 517 162 568 Obieci
176 516 231 566 telo
244 521 335 582 caput,
346 521 427 583 atque
436 516 464 565 ln
476 531 520 567 me
533 519 623 568 omnia
634 521 712 569 verti.

67 588 138 637 'l'um
151 585 307 653 grandaeva
317 600 421 646 manus,
433 601 520 652 puero
532 588 603 638 male
615 589 805 652 creditabella,

66 658 154 722 Atque
165 655 237 705 idem
248 652 292 705 hic
303 661 379 706 vates
390 659 539 707 temeraria
551 664 651 724 coepta
662 658 786 709 canebat.

66 725 115 776 Dis
126 730 219 793 grates
230 723 391 793 laudemque
402 723 470 786 iero,
483 727 534 776 sub
546 729 654 778 numine
665 743 778 794 quorum
815 728 864 778 655

65 794 274 852 GensTroiana
284 809 384 845 sumus.
415 794 553 858 Puerile,
565 802 592 846 et
603 795 688 848 futilis
700 803 785 860 aetas,

63 862 244 930 lmbellesque
255 864 327 924 anni,
340 863 455 914 necdum
466 872 589 916 maturus
601 866 633 915 ad
646 881 722 916 arma

63 930 167 999 Scipio,
178 934 298 983 restituit
308 938 397 983 terras
406 932 517 984 illaesus
529 935 647 985 Hiberas

62 1003 241 1069 Troiugenis:
252 1003 356 1069 pepulit
368 1001 487 1065 Poenos,
499 1004 617 1070 solisque
629 1011 739 1055 secutus

61 1072 210 1122 Extremas
222 1071 256 1121 ael
268 1071 379 1121 Atlanta
392 1073 459 1133 rias,
471 1074 564 1139 exegit
575 1073 609 1123 ab
621 1074 686 1124 orbe
813 1073 864 1125 666

61 1141 200 1208 Hesperio
212 1153 312 1189 nomen
323 1139 441 1205 Libyae,
453 1154 505 1191 666
516 1141 611 1191 retulit
622 1143 680 1191 auri

62 1208 148 1277 Signa
160 1210 242 1275 prius,
255 1223 336 1276 quam
346 1208 485 1259 fumantes
497 1211 571 1260 circa
583 1224 704 1277 aequora
713 1212 780 1262 vidit

60 1279 186 1330 Romano
198 1276 340 1329 Phoebum
352 1279 503 1330 solventem
515 1280 596 1332 litore
608 1295 710 1331 currus.

60 1350 165 1400 Ascivit
174 1362 253 1417 reges
264 1349 345 1400 idem.
375 1348 454 1400 Nune
464 1349 574 1402 ultimus
587 1353 654 1402 actis

59 1418 159 1470 Restat
170 1417 309 1488 Carthago
319 1422 421 1471 nostris
433 1420 518 1471 labor.
549 1422 611 1472 lloc
623 1427 699 1472 sator
711 1422 770 1471 aeri
811 1419 860 1470 665

61 1489 167 1556 lupiter
182 1492 284 1539 aeterni
297 1496 400 1541 monet.
431 1490 579 1541 Hannibali
590 1504 654 1541 eece
666 1497 792 1541 senectus

61 1558 196 1617 lntremit‚
208 1562 255 1606 aut
266 1573 365 1624 aegros
375 1559 485 1609 simulat
494 1561 608 1610 mentita
618 1560 739 1621 timores,

60 1626 101 1678 Ne
115 1625 197 1675 tinem
208 1623 296 1691 longis
307 1627 417 1677 tandem
428 1629 567 1693 peperisse
580 1630 662 1678 ruinis

61 1695 103 1748 sit
114 1700 209 1745 noster
220 1694 323 1745 titulus.
352 1697 433 1746 Certe
444 1698 498 1745 iam
508 1696 623 1746 dextera
634 1696 711 1746 nobis

60 1767 193 1832 Experto,
206 1771 235 1815 et
244 1763 328 1814 robur
338 1763 498 1816 florentibus
508 1766 632 1815 auximus
645 1766 729 1815 annis.
810 1765 859 1815 616

60 1834 102 1887 Ne
115 1851 179 1886 vcro
193 1833 327 1885 fabricate
337 1849 443 1899 moras3
456 1834 505 1885 sed
517 1848 626 1885 currere
639 1839 741 1885 sortem

61 1902 802 1970 Hancsiniteadveterumdelendaopprobriacladum,

64 1975 152 2037 Quam
164 1971 229 2025 mihi
242 1989 387 2025 servavere
397 1974 459 2026 Dei.
489 1972 539 2024 Sat
550 1974 638 2041 gloria
650 1979 732 2024 cauto

63 2044 125 2095 Non
135 2045 206 2094 vinei
216 2042 331 2111 pulchra
342 2045 485 2105 estFabi0‚
496 2044 671 2110 perperitque
682 2043 801 2094 sedendo

64 2114 162 2164 Omnia
173 2119 318 2165 cunctator
328 2114 420 2165 nobis:
431 2129 482 2164 666
492 2114 586 2181 Mago,
595 2127 646 2164 nec
658 2113 785 2175 Hannon,
810 2112 859 2162 676

63 2182 120 2234 Ν66
132 2182 252 2251 Gisgone
263 2190 352 2246 satus,
368 2198 419 2235 666
431 2183 601 2246 Hamilcare,
623 2189 702 2252 terga
713 2182 800 2234 dedis-

538 2260 607 2317 sent,

64 2320 92 2374 Si
102 2337 200 2391 segnes
211 2323 304 2374 clauso
315 2320 486 2374 traheremus
497 2324 603 2390 proelia
613 2322 694 2373 vallo.

63 2390 225 2443 Sidoniusne
237 2407 313 2458 puer,
325 2394 370 2442 vix
381 2393 548 2458 pubescente
559 2394 678 2451 iuventa,

61 2461 215 2513 Laurentes
227 2463 318 2528 potuit
329 2461 445 2528 populos
458 2467 486 2511 66
496 2462 583 2510 Troia
594 2459 669 2509 adire

60 2531 187 2592 Moenia,
208 2530 407 2600 flauentemque
424 2545 503 2583 sacro
520 2543 583 2581 cum
604 2523 806 2597 6616666666-

539 2597 635 2654 brim‘t·
832 2589 890 2636 Q

42 2663 83 2712 Et
87 2667 185 2729 potuit
195 2666 309 2723 lratium
324 2673 415 2744 longo
427 2667 704 2745 depascerebellob
