1920 2962
143 148 176 197 la
337 147 363 196 C.
395 143 498 197 lell
526 145 687 197 lTaLml

143 266 197 317 Ore
209 264 397 325 excellentem,
408 272 436 314 et
447 270 601 331 spectatum
612 264 729 318 fortibus
741 265 814 317 ausis

141 336 257 402 Antiqua
268 335 301 384 de
313 334 398 399 stirpe
410 332 882 402 Tagum,Snperumquelrominum·

616 418 668 469 que

143 473 296 532 Immemor,
308 476 402 522 erecto
412 471 539 522 suffixum
549 471 650 521 robore
660 474 772 523 maestis

143 541 308 591 Ostentabat
319 554 403 591 orans
414 540 522 608 populis
534 542 591 591 sine
603 540 698 591 funere
709 557 811 608 regem.-

81 609 131 658 155
143 607 259 659 Auriferi
271 611 365 677 Tagus
377 609 482 660 adscito
495 610 656 676 cognomine
668 608 761 673 fontis,

143 678 250 745 Perque
261 684 340 729 antra
351 685 380 729 et
391 681 464 746 ripas
476 677 609 745 Nymphis
625 679 743 729 ululatus
762 681 884 732 Hiberis.

142 748 299 798 Maeonium
310 763 364 798 non
376 748 421 799 ille
433 748 541 811 vadum,
551 763 606 799 non
617 747 710 814 Lydia
721 749 815 800 mallet

142 815 247 885 Stagna
257 818 318 882 sibi,
329 833 381 870 nec
392 820 437 886 qui
448 819 527 886 riguo
538 817 711 885 perfunditur
721 834 788 869 auro

143 889 284 955 Campum,
295 895 377 956 atque
388 889 472 939 illatis
481 888 578 938 Hermi
588 886 712 938 flavescit
723 889 821 938 arenis.

82 955 132 1005 loo
145 957 253 1008 Primus
262 960 332 1008 inire
343 972 433 1016 manu,
446 961 601 1022 postremus
612 970 714 1020 ponere
727 957 854 1007 Martem.

143 1027 208 1077 Cum
220 1025 346 1090 rapidum
357 1023 449 1075 effusis
461 1029 556 1090 ageret
567 1023 688 1075 sublimis
699 1022 811 1077 habenis

143 1093 363 1160 Quadrupedem,
374 1108 428 1144 non
442 1108 506 1144 ense
518 1093 613 1154 virum,
625 1107 679 1143 non
688 1097 791 1146 enrinus
801 1092 884 1148 hasta

142 1163 245 1214 Sistere
257 1167 329 1213 erat:
348 1162 482 1213 volitabat
494 1177 587 1224 ovans,
596 1165 723 1231 aciesque
729 1180 779 1230 per
786 1166 884 1217 ambas

142 1234 198 1282 lam
210 1233 304 1299 Tagus
315 1233 418 1282 auratis
432 1232 633 1298 agnoscebatur
642 1234 670 1283 in
682 1235 771 1284 armis.

80 1300 130 1350 165
145 1302 233 1362 Quem
243 1307 388 1367 postquam
401 1300 460 1351 diro
473 1316 633 1367 suspensum
644 1303 744 1354 robore
756 1305 824 1355 vidit

140 1369 300 1420 Deformem
311 1369 358 1420 leti
369 1368 500 1432 famulus,
514 1371 583 1421 clam
595 1374 709 1439 corripit
718 1388 810 1425 ensem
887 1428 890 1435 ,

140 1439 279 1490 Dilectum
291 1439 411 1502 domino,
423 1442 573 1508 pernixque
584 1443 710 1509 irrumpit
719 1444 747 1493 in
759 1442 858 1505 aulam,

121 1519 124 1524 ·
144 1511 226 1576 itque
237 1509 340 1559 immite
351 1507 415 1559 ferit
425 1511 563 1577 geminato
573 1511 684 1562 vulnere
696 1518 799 1579 pectus.

138 1579 173 1627 At
184 1577 272 1628 Poeni
282 1580 408 1630 succensi
416 1580 467 1644 ira,
477 1580 642 1648 turbataque
654 1582 729 1632 luctu

78 1649 128 1697 170
139 1648 177 1698 Et
188 1648 277 1699 saeris
289 1662 355 1715 gens
365 1648 448 1712 laeta,
459 1657 549 1713 ruunt,
561 1656 879 1719 tormentaqueportant.

139 1716 201 1769 Non
213 1718 300 1785 ignes,
313 1718 487 1786 candensque
494 1716 618 1785 chalybs,
632 1735 687 1771 non
698 1721 880 1786 verberapas·

613 1806 664 1840 srm

138 1857 241 1909 lctibus
250 1859 399 1911 innumeris
410 1859 530 1911 lacerum
545 1859 698 1911 scindentia
709 1875 817 1926 corpus,

139 1927 321 1978 Carnificesve
333 1943 439 1989 manus,
449 1931 591 1994 penitusne
601 1929 692 1978 infusa
701 1928 827 1977 medullis

138 1995 237 2055 Pestis,
248 1996 312 2043 etin
323 1996 414 2045 medio
425 1994 548 2045 lucentes
559 1995 669 2045 vulnere
682 1994 809 2044 flammae

78 2064 128 2114 175
141 2066 304 2114 Cessavere:
324 2061 412 2112 ferum
424 2063 483 2112 visu
495 2063 632 2130 dictuque,
643 2078 693 2128 per
704 2068 791 2112 artem

140 2131 276 2183 Saevitiae
287 2132 400 2192 extenti,
413 2136 543 2196 quantum
555 2136 694 2181 tonnenta
704 2131 847 2197 iubebant,

141 2204 291 2251 creverunt
302 2205 391 2248 artus:
414 2203 505 2264 atque,
518 2200 591 2249 omni
601 2200 732 2265 sanguine
744 2208 834 2269 rapto,

140 2271 211 2320 Ossa
221 2266 375 2334 liquefactis
385 2266 525 2317 fumarunt
535 2267 640 2318 fervida
650 2271 786 2322 membris.

139 2340 218 2388 Mens
228 2338 334 2387 intacta
343 2340 448 2386 manet:
467 2342 587 2403 superat,
597 2338 721 2406 ridetque
732 2341 850 2407 dolores,
864 2384 871 2395 .

79 2409 128 2458 180
141 2405 284 2473 Spectanti
295 2405 397 2467 similis,
409 2403 551 2473 fessosque
563 2407 657 2459 labore
668 2411 806 2464 ministros

138 2477 297 2541 increpitat,
310 2475 464 2542 dominique
477 2490 586 2527 crucem
599 2478 717 2531 elamore
730 2485 858 2549 reposcit.

137 2546 216 2596 ilaec
225 2545 298 2594 inter
310 2549 419 2608 spretae
430 2545 585 2598 miseranda
595 2550 704 2616 piacula
715 2567 828 2617 poenae,

137 2615 241 2680 Erepto
253 2613 376 2680 trepidus
388 2614 502 2666 ductore
514 2620 660 2682 exercitus,
671 2636 726 2670 una

123 2682 314 2734 Hannibalem
327 2699 413 2751 voce,
426 2690 509 2756 atque
522 2688 609 2741 alacri
619 2691 771 2740 certamine
777 2692 883 2753 possiti
905 2702 908 2707 ·
