<?xml version="1.0" encoding="UTF-8"?>
<!DOCTYPE html PUBLIC "-//W3C//DTD XHTML 1.0 Transitional//EN"
    "http://www.w3.org/TR/xhtml1/DTD/xhtml1-transitional.dtd">
<html xmlns="http://www.w3.org/1999/xhtml" xml:lang="en" lang="en">
 <head>
  <title>
</title>
<meta http-equiv="Content-Type" content="text/html;charset=utf-8" />
  <meta name='ocr-system' content='tesseract 3.04.00' />
  <meta name='ocr-capabilities' content='ocr_page ocr_carea ocr_par ocr_line ocrx_word'/>
</head>
<body>
  <div class='ocr_page' id='page_1' title='image "./punicorumlibrix00italgoog_0376.png"; bbox 0 0 1920 2962; ppageno 0'>
   <div class='ocr_carea' id='block_1_1' title="bbox 160 186 712 243">
    <p class='ocr_par' dir='ltr' id='par_1_1' title="bbox 160 186 712 243">
     <span class='ocr_line' id='line_1_1' title="bbox 160 186 712 243; baseline -0.011 0"><span class='ocrx_word' id='word_1_1' title='bbox 160 191 211 243; x_wconf 85' lang='grc'>308</span> <span class='ocrx_word' id='word_1_2' title='bbox 360 189 388 239; x_wconf 86' lang='lat' dir='ltr'>C.</span> <span class='ocrx_word' id='word_1_3' title='bbox 416 187 520 239; x_wconf 80' lang='lat' dir='ltr'><strong>Slhll</strong></span> <span class='ocrx_word' id='word_1_4' title='bbox 548 186 712 238; x_wconf 71' lang='lat' dir='ltr'>arabici</span> 
     </span>
    </p>
   </div>
   <div class='ocr_carea' id='block_1_2' title="bbox 76 306 908 2818">
    <p class='ocr_par' dir='ltr' id='par_1_2' title="bbox 160 306 896 442">
     <span class='ocr_line' id='line_1_2' title="bbox 161 306 896 376; baseline -0.003 -15"><span class='ocrx_word' id='word_1_5' title='bbox 161 311 292 376; x_wconf 85' lang='lat' dir='ltr'>Cultaque</span> <span class='ocrx_word' id='word_1_6' title='bbox 310 308 491 375; x_wconf 79' lang='lat' dir='ltr'>nequidquam</span> <span class='ocrx_word' id='word_1_7' title='bbox 505 308 613 358; x_wconf 89' lang='lat' dir='ltr'>miseris</span> <span class='ocrx_word' id='word_1_8' title='bbox 623 306 772 357; x_wconf 88' lang='lat' dir='ltr'>simulacra</span> <span class='ocrx_word' id='word_1_9' title='bbox 782 306 896 359; x_wconf 85' lang='lat' dir='ltr'>Latinis.</span> 
     </span>
     <span class='ocr_line' id='line_1_3' title="bbox 160 377 777 442; baseline -0.008 -11"><span class='ocrx_word' id='word_1_10' title='bbox 160 381 227 431; x_wconf 84' lang='lat' dir='ltr'>Cum</span> <span class='ocrx_word' id='word_1_11' title='bbox 237 379 339 439; x_wconf 88' lang='lat' dir='ltr'>Venus,</span> <span class='ocrx_word' id='word_1_12' title='bbox 350 379 434 428; x_wconf 88' lang='lat' dir='ltr'>emoti</span> <span class='ocrx_word' id='word_1_13' title='bbox 445 377 516 428; x_wconf 83' lang='lat' dir='ltr'>facie</span> <span class='ocrx_word' id='word_1_14' title='bbox 528 377 678 428; x_wconf 88' lang='lat' dir='ltr'>conterrita</span> <span class='ocrx_word' id='word_1_15' title='bbox 689 377 777 442; x_wconf 90' lang='lat' dir='ltr'>ponti,</span> 
     </span>
    </p>

    <p class='ocr_par' dir='ltr' id='par_1_3' title="bbox 100 445 867 805">
     <span class='ocr_line' id='line_1_4' title="bbox 100 445 867 514; baseline -0.005 -13"><span class='ocrx_word' id='word_1_16' title='bbox 100 451 149 502; x_wconf 78' lang='lat'>285</span> <span class='ocrx_word' id='word_1_17' title='bbox 161 449 274 500; x_wconf 87' lang='lat' dir='ltr'>Talibus</span> <span class='ocrx_word' id='word_1_18' title='bbox 287 447 434 513; x_wconf 80' lang='lat' dir='ltr'><strong>alloquitur</strong></span> <span class='ocrx_word' id='word_1_19' title='bbox 445 461 539 514; x_wconf 87' lang='lat' dir='ltr'>regem</span> <span class='ocrx_word' id='word_1_20' title='bbox 549 447 645 496; x_wconf 85' lang='lat' dir='ltr'>maris:</span> <span class='ocrx_word' id='word_1_21' title='bbox 657 445 720 496; x_wconf 86' lang='lat' dir='ltr'>Hoc</span> <span class='ocrx_word' id='word_1_22' title='bbox 731 447 799 497; x_wconf 88' lang='lat' dir='ltr'>satis</span> <span class='ocrx_word' id='word_1_23' title='bbox 809 447 867 497; x_wconf 88' lang='lat' dir='ltr'>irae</span> 
     </span>
     <span class='ocr_line' id='line_1_5' title="bbox 161 515 802 584; baseline -0.006 -14"><span class='ocrx_word' id='word_1_24' title='bbox 161 521 279 579; x_wconf 77' lang='lat' dir='ltr'>Interea,</span> <span class='ocrx_word' id='word_1_25' title='bbox 289 517 410 584; x_wconf 80' lang='lat' dir='ltr'>genitor:</span> <span class='ocrx_word' id='word_1_26' title='bbox 422 517 489 566; x_wconf 88' lang='lat' dir='ltr'>satis</span> <span class='ocrx_word' id='word_1_27' title='bbox 500 515 533 566; x_wconf 87' lang='lat' dir='ltr'>ed</span> <span class='ocrx_word' id='word_1_28' title='bbox 543 517 649 566; x_wconf 87' lang='lat' dir='ltr'>maiora</span> <span class='ocrx_word' id='word_1_29' title='bbox 658 515 802 566; x_wconf 86' lang='lat' dir='ltr'>minarum.</span> 
     </span>
     <span class='ocr_line' id='line_1_6' title="bbox 161 583 857 653; baseline -0.009 -13"><span class='ocrx_word' id='word_1_30' title='bbox 161 589 260 640; x_wconf 86' lang='lat' dir='ltr'>Cetera</span> <span class='ocrx_word' id='word_1_31' title='bbox 271 600 363 653; x_wconf 88' lang='lat' dir='ltr'>parce,</span> <span class='ocrx_word' id='word_1_32' title='bbox 375 599 482 651; x_wconf 81' lang='lat' dir='ltr'><strong>precor,</strong></span> <span class='ocrx_word' id='word_1_33' title='bbox 493 584 591 651; x_wconf 80' lang='lat' dir='ltr'>pelago</span> <span class='ocrx_word' id='word_1_34' title='bbox 601 601 608 632; x_wconf 72' lang='grc' dir='ltr'><strong><em>ε</em></strong></span> <span class='ocrx_word' id='word_1_35' title='bbox 619 599 653 634; x_wconf 91' lang='lat' dir='ltr'>ne</span> <span class='ocrx_word' id='word_1_36' title='bbox 664 583 744 634; x_wconf 91' lang='lat' dir='ltr'>tollat</span> <span class='ocrx_word' id='word_1_37' title='bbox 755 583 857 635; x_wconf 89' lang='lat' dir='ltr'>acerba</span> 
     </span>
     <span class='ocr_line' id='line_1_7' title="bbox 161 653 812 722; baseline -0.006 -14"><span class='ocrx_word' id='word_1_38' title='bbox 161 658 223 708; x_wconf 85' lang='lat' dir='ltr'>lloc</span> <span class='ocrx_word' id='word_1_39' title='bbox 235 654 373 722; x_wconf 84' lang='lat' dir='ltr'>Carthago</span> <span class='ocrx_word' id='word_1_40' title='bbox 384 655 477 716; x_wconf 87' lang='lat' dir='ltr'>decus,</span> <span class='ocrx_word' id='word_1_41' title='bbox 490 654 562 704; x_wconf 94' lang='lat' dir='ltr'>nullo</span> <span class='ocrx_word' id='word_1_42' title='bbox 575 653 730 719; x_wconf 78' lang='lat' dir='ltr'>superabile</span> <span class='ocrx_word' id='word_1_43' title='bbox 739 653 812 704; x_wconf 88' lang='lat' dir='ltr'>bello</span> 
     </span>
     <span class='ocr_line' id='line_1_8' title="bbox 161 721 866 805; baseline -0.004 -29"><span class='ocrx_word' id='word_1_44' title='bbox 161 727 343 793; x_wconf 85' lang='lat' dir='ltr'>Progenuisse</span> <span class='ocrx_word' id='word_1_45' title='bbox 354 730 446 790; x_wconf 86' lang='lat' dir='ltr'>caput,</span> <span class='ocrx_word' id='word_1_46' title='bbox 457 728 622 805; x_wconf 86' lang='lat' dir='ltr'>nostrosque</span> <span class='ocrx_word' id='word_1_47' title='bbox 631 724 659 772; x_wconf 93' lang='lat' dir='ltr'>in</span> <span class='ocrx_word' id='word_1_48' title='bbox 671 721 770 773; x_wconf 81' lang='lat' dir='ltr'>funera</span> <span class='ocrx_word' id='word_1_49' title='bbox 779 722 866 774; x_wconf 86' lang='lat' dir='ltr'>Poeni</span> 
     </span>
    </p>

    <p class='ocr_par' dir='ltr' id='par_1_4' title="bbox 101 789 795 859">
     <span class='ocr_line' id='line_1_9' title="bbox 101 789 795 859; baseline -0.009 -12"><span class='ocrx_word' id='word_1_50' title='bbox 101 797 150 847; x_wconf 85' lang='grc'>200</span> <span class='ocrx_word' id='word_1_51' title='bbox 162 794 304 846; x_wconf 74' lang='lat' dir='ltr'><strong>Aeneadas</strong></span> <span class='ocrx_word' id='word_1_52' title='bbox 313 793 392 844; x_wconf 90' lang='lat' dir='ltr'>undis</span> <span class='ocrx_word' id='word_1_53' title='bbox 403 798 518 859; x_wconf 89' lang='lat' dir='ltr'>totoque</span> <span class='ocrx_word' id='word_1_54' title='bbox 529 807 637 859; x_wconf 85' lang='lat' dir='ltr'>egursse</span> <span class='ocrx_word' id='word_1_55' title='bbox 647 789 795 858; x_wconf 83' lang='lat' dir='ltr'>profundo.</span> 
     </span>
    </p>

    <p class='ocr_par' dir='ltr' id='par_1_5' title="bbox 160 859 882 1138">
     <span class='ocr_line' id='line_1_10' title="bbox 161 859 869 928; baseline -0.006 -12"><span class='ocrx_word' id='word_1_56' title='bbox 161 864 206 915; x_wconf 88' lang='lat' dir='ltr'>Sic</span> <span class='ocrx_word' id='word_1_57' title='bbox 217 864 323 916; x_wconf 86' lang='lat' dir='ltr'>Venus:</span> <span class='ocrx_word' id='word_1_58' title='bbox 336 869 364 913; x_wconf 90' lang='lat' dir='ltr'>et</span> <span class='ocrx_word' id='word_1_59' title='bbox 374 862 471 913; x_wconf 90' lang='lat' dir='ltr'>tumidi</span> <span class='ocrx_word' id='word_1_60' title='bbox 482 861 627 913; x_wconf 89' lang='lat' dir='ltr'>considunt</span> <span class='ocrx_word' id='word_1_61' title='bbox 636 862 745 928; x_wconf 83' lang='lat' dir='ltr'>gurgite</span> <span class='ocrx_word' id='word_1_62' title='bbox 756 859 869 924; x_wconf 87' lang='lat' dir='ltr'>lluctus;</span> 
     </span>
     <span class='ocr_line' id='line_1_11' title="bbox 161 930 845 999; baseline -0.003 -16"><span class='ocrx_word' id='word_1_63' title='bbox 161 933 303 999; x_wconf 84' lang='lat' dir='ltr'>Obviaque</span> <span class='ocrx_word' id='word_1_64' title='bbox 314 932 436 982; x_wconf 82' lang='lat' dir='ltr'>adversis</span> <span class='ocrx_word' id='word_1_65' title='bbox 447 930 603 998; x_wconf 89' lang='lat' dir='ltr'>propellunt</span> <span class='ocrx_word' id='word_1_66' title='bbox 613 930 723 996; x_wconf 80' lang='lat' dir='ltr'>agmina</span> <span class='ocrx_word' id='word_1_67' title='bbox 735 931 845 982; x_wconf 81' lang='lat' dir='ltr'>castris.</span> 
     </span>
     <span class='ocr_line' id='line_1_12' title="bbox 160 999 882 1066; baseline -0.004 -13"><span class='ocrx_word' id='word_1_68' title='bbox 160 1003 224 1053; x_wconf 89' lang='lat' dir='ltr'>Dux</span> <span class='ocrx_word' id='word_1_69' title='bbox 233 1006 311 1051; x_wconf 87' lang='lat' dir='ltr'>retus</span> <span class='ocrx_word' id='word_1_70' title='bbox 322 1015 473 1063; x_wconf 87' lang='lat' dir='ltr'>armorum,</span> <span class='ocrx_word' id='word_1_71' title='bbox 484 1001 623 1066; x_wconf 87' lang='lat' dir='ltr'>scitusque</span> <span class='ocrx_word' id='word_1_72' title='bbox 634 999 788 1050; x_wconf 80' lang='lat' dir='ltr'>accendere</span> <span class='ocrx_word' id='word_1_73' title='bbox 799 999 882 1052; x_wconf 88' lang='lat' dir='ltr'>corda</span> 
     </span>
     <span class='ocr_line' id='line_1_13' title="bbox 161 1068 806 1138; baseline -0.003 -17"><span class='ocrx_word' id='word_1_74' title='bbox 161 1070 310 1132; x_wconf 82' lang='lat' dir='ltr'>Laudibus,</span> <span class='ocrx_word' id='word_1_75' title='bbox 322 1069 439 1138; x_wconf 77' lang='lat' dir='ltr'>ignifero</span> <span class='ocrx_word' id='word_1_76' title='bbox 450 1075 555 1120; x_wconf 86' lang='lat' dir='ltr'>mentes</span> <span class='ocrx_word' id='word_1_77' title='bbox 566 1068 685 1119; x_wconf 82' lang='lat' dir='ltr'>furiabat</span> <span class='ocrx_word' id='word_1_78' title='bbox 694 1069 721 1118; x_wconf 91' lang='lat' dir='ltr'>in</span> <span class='ocrx_word' id='word_1_79' title='bbox 734 1069 806 1119; x_wconf 86' lang='lat' dir='ltr'>iram</span> 
     </span>
    </p>

    <p class='ocr_par' dir='ltr' id='par_1_6' title="bbox 101 1135 866 1483">
     <span class='ocr_line' id='line_1_14' title="bbox 101 1135 838 1207; baseline 0 -17"><span class='ocrx_word' id='word_1_80' title='bbox 101 1143 150 1192; x_wconf 79' lang='lat'>295</span> <span class='ocrx_word' id='word_1_81' title='bbox 163 1142 293 1201; x_wconf 84' lang='lat' dir='ltr'>Hortata,</span> <span class='ocrx_word' id='word_1_82' title='bbox 306 1140 468 1207; x_wconf 75' lang='lat' dir='ltr'>decorisque</span> <span class='ocrx_word' id='word_1_83' title='bbox 479 1139 578 1189; x_wconf 89' lang='lat' dir='ltr'>urebat</span> <span class='ocrx_word' id='word_1_84' title='bbox 589 1142 704 1204; x_wconf 84' lang='lat' dir='ltr'>pectora</span> <span class='ocrx_word' id='word_1_85' title='bbox 712 1135 838 1190; x_wconf 88' lang='lat' dir='ltr'>flammis.</span> 
     </span>
     <span class='ocr_line' id='line_1_15' title="bbox 161 1208 744 1275; baseline -0.003 -16"><span class='ocrx_word' id='word_1_86' title='bbox 161 1212 204 1260; x_wconf 84' lang='lat' dir='ltr'>Tu</span> <span class='ocrx_word' id='word_1_87' title='bbox 216 1208 282 1261; x_wconf 90' lang='lat' dir='ltr'>mihi</span> <span class='ocrx_word' id='word_1_88' title='bbox 291 1209 416 1261; x_wconf 87' lang='lat' dir='ltr'>Flaminii</span> <span class='ocrx_word' id='word_1_89' title='bbox 429 1212 524 1275; x_wconf 82' lang='lat' dir='ltr'>portas</span> <span class='ocrx_word' id='word_1_90' title='bbox 536 1209 658 1259; x_wconf 85' lang='lat' dir='ltr'>rorantia</span> <span class='ocrx_word' id='word_1_91' title='bbox 669 1208 744 1258; x_wconf 86' lang='lat' dir='ltr'>eaesi</span> 
     </span>
     <span class='ocr_line' id='line_1_16' title="bbox 161 1278 866 1342; baseline -0.003 -12"><span class='ocrx_word' id='word_1_92' title='bbox 161 1280 218 1330; x_wconf 89' lang='lat' dir='ltr'>Ora</span> <span class='ocrx_word' id='word_1_93' title='bbox 228 1279 317 1328; x_wconf 66' lang='lat' dir='ltr'>clusis:</span> <span class='ocrx_word' id='word_1_94' title='bbox 328 1292 414 1329; x_wconf 88' lang='lat' dir='ltr'>nosco</span> <span class='ocrx_word' id='word_1_95' title='bbox 426 1278 560 1328; x_wconf 81' lang='lat' dir='ltr'>dextram.</span> <span class='ocrx_word' id='word_1_96' title='bbox 589 1279 632 1327; x_wconf 89' lang='lat' dir='ltr'>Tu</span> <span class='ocrx_word' id='word_1_97' title='bbox 644 1278 746 1342; x_wconf 90' lang='lat' dir='ltr'>primus</span> <span class='ocrx_word' id='word_1_98' title='bbox 758 1279 785 1328; x_wconf 90' lang='lat' dir='ltr'>in</span> <span class='ocrx_word' id='word_1_99' title='bbox 796 1279 866 1328; x_wconf 85' lang='lat' dir='ltr'>ictus</span> 
     </span>
     <span class='ocr_line' id='line_1_17' title="bbox 159 1346 719 1414; baseline 0 -17"><span class='ocrx_word' id='word_1_100' title='bbox 159 1347 279 1413; x_wconf 87' lang='lat' dir='ltr'>ingentis</span> <span class='ocrx_word' id='word_1_101' title='bbox 290 1346 378 1395; x_wconf 82' lang='lat' dir='ltr'><strong>Paulli</strong></span> <span class='ocrx_word' id='word_1_102' title='bbox 388 1347 454 1407; x_wconf 84' lang='lat' dir='ltr'>ruis,</span> <span class='ocrx_word' id='word_1_103' title='bbox 465 1361 498 1396; x_wconf 87' lang='lat' dir='ltr'>ao</span> <span class='ocrx_word' id='word_1_104' title='bbox 509 1346 606 1414; x_wconf 82' lang='lat' dir='ltr'>deligis</span> <span class='ocrx_word' id='word_1_105' title='bbox 616 1348 644 1397; x_wconf 89' lang='lat' dir='ltr'>in</span> <span class='ocrx_word' id='word_1_106' title='bbox 655 1361 719 1397; x_wconf 89' lang='lat' dir='ltr'>ossa</span> 
     </span>
     <span class='ocr_line' id='line_1_18' title="bbox 159 1414 823 1483; baseline 0 -17"><span class='ocrx_word' id='word_1_107' title='bbox 159 1417 328 1466; x_wconf 88' lang='lat' dir='ltr'>Mucronem.</span> <span class='ocrx_word' id='word_1_108' title='bbox 357 1414 422 1464; x_wconf 88' lang='lat' dir='ltr'>Tibi</span> <span class='ocrx_word' id='word_1_109' title='bbox 432 1417 564 1482; x_wconf 79' lang='lat' dir='ltr'>pugnacis</span> <span class='ocrx_word' id='word_1_110' title='bbox 574 1421 719 1483; x_wconf 88' lang='lat' dir='ltr'>gestantur</span> <span class='ocrx_word' id='word_1_111' title='bbox 728 1418 823 1481; x_wconf 84' lang='lat' dir='ltr'>opima</span> 
     </span>
    </p>

    <p class='ocr_par' dir='ltr' id='par_1_7' title="bbox 99 1482 893 1762">
     <span class='ocr_line' id='line_1_19' title="bbox 99 1482 893 1552; baseline -0.001 -18"><span class='ocrx_word' id='word_1_112' title='bbox 99 1484 149 1536; x_wconf 94' lang='grc'>300</span> <span class='ocrx_word' id='word_1_113' title='bbox 160 1483 296 1536; x_wconf 83' lang='lat' dir='ltr'>Marcelli:</span> <span class='ocrx_word' id='word_1_114' title='bbox 311 1482 507 1552; x_wconf 75' lang='lat' dir='ltr'>Gracchusque</span> <span class='ocrx_word' id='word_1_115' title='bbox 519 1485 620 1536; x_wconf 89' lang='lat' dir='ltr'>cadens</span> <span class='ocrx_word' id='word_1_116' title='bbox 631 1485 680 1535; x_wconf 87' lang='lat' dir='ltr'>tibi</span> <span class='ocrx_word' id='word_1_117' title='bbox 688 1485 792 1552; x_wconf 89' lang='lat' dir='ltr'>proluit</span> <span class='ocrx_word' id='word_1_118' title='bbox 799 1500 893 1537; x_wconf 87' lang='lat' dir='ltr'>ensem.</span> 
     </span>
     <span class='ocr_line' id='line_1_20' title="bbox 159 1554 860 1623; baseline 0 -18"><span class='ocrx_word' id='word_1_119' title='bbox 159 1555 233 1606; x_wconf 86' lang='lat' dir='ltr'>Ecce</span> <span class='ocrx_word' id='word_1_120' title='bbox 245 1568 349 1615; x_wconf 87' lang='lat' dir='ltr'>manus,</span> <span class='ocrx_word' id='word_1_121' title='bbox 363 1569 431 1621; x_wconf 88' lang='lat' dir='ltr'>quae</span> <span class='ocrx_word' id='word_1_122' title='bbox 442 1559 471 1605; x_wconf 92' lang='lat' dir='ltr'>te</span> <span class='ocrx_word' id='word_1_123' title='bbox 483 1555 645 1620; x_wconf 84' lang='lat' dir='ltr'>pulsantem,</span> <span class='ocrx_word' id='word_1_124' title='bbox 657 1554 773 1622; x_wconf 88' lang='lat' dir='ltr'>belliger</span> <span class='ocrx_word' id='word_1_125' title='bbox 783 1555 860 1623; x_wconf 81' lang='lat' dir='ltr'>Appi,</span> 
     </span>
     <span class='ocr_line' id='line_1_21' title="bbox 158 1623 778 1690; baseline 0.002 -16"><span class='ocrx_word' id='word_1_126' title='bbox 158 1624 271 1674; x_wconf 82' lang='lat' dir='ltr'>Moenia</span> <span class='ocrx_word' id='word_1_127' title='bbox 280 1623 402 1675; x_wconf 87' lang='lat' dir='ltr'>sublimis</span> <span class='ocrx_word' id='word_1_128' title='bbox 414 1625 523 1690; x_wconf 87' lang='lat' dir='ltr'>Capuae</span> <span class='ocrx_word' id='word_1_129' title='bbox 535 1625 568 1675; x_wconf 91' lang='lat' dir='ltr'>de</span> <span class='ocrx_word' id='word_1_130' title='bbox 579 1624 695 1675; x_wconf 87' lang='lat' dir='ltr'>culmine</span> <span class='ocrx_word' id='word_1_131' title='bbox 706 1627 778 1675; x_wconf 89' lang='lat' dir='ltr'>muri</span> 
     </span>
     <span class='ocr_line' id='line_1_22' title="bbox 159 1692 783 1762; baseline 0 -18"><span class='ocrx_word' id='word_1_132' title='bbox 159 1694 277 1744; x_wconf 84' lang='lat' dir='ltr'>Excelso</span> <span class='ocrx_word' id='word_1_133' title='bbox 288 1693 350 1744; x_wconf 86' lang='lat' dir='ltr'>fusa</span> <span class='ocrx_word' id='word_1_134' title='bbox 360 1693 550 1744; x_wconf 88' lang='lat' dir='ltr'>moribundum</span> <span class='ocrx_word' id='word_1_135' title='bbox 562 1694 683 1762; x_wconf 87' lang='lat' dir='ltr'>propulit</span> <span class='ocrx_word' id='word_1_136' title='bbox 694 1692 783 1744; x_wconf 87' lang='lat' dir='ltr'>hasta.</span> 
     </span>
    </p>

    <p class='ocr_par' dir='ltr' id='par_1_8' title="bbox 159 1762 843 1831">
     <span class='ocr_line' id='line_1_23' title="bbox 159 1762 843 1831; baseline -0.001 -18"><span class='ocrx_word' id='word_1_137' title='bbox 159 1764 232 1813; x_wconf 85' lang='lat' dir='ltr'>Ecce</span> <span class='ocrx_word' id='word_1_138' title='bbox 245 1763 315 1813; x_wconf 89' lang='lat' dir='ltr'>aliud</span> <span class='ocrx_word' id='word_1_139' title='bbox 327 1762 428 1814; x_wconf 83' lang='lat' dir='ltr'>fulmen</span> <span class='ocrx_word' id='word_1_140' title='bbox 441 1764 563 1825; x_wconf 80' lang='lat' dir='ltr'>dextrae,</span> <span class='ocrx_word' id='word_1_141' title='bbox 576 1779 628 1831; x_wconf 90' lang='lat' dir='ltr'>quo</span> <span class='ocrx_word' id='word_1_142' title='bbox 640 1763 732 1814; x_wconf 88' lang='lat' dir='ltr'>nobile</span> <span class='ocrx_word' id='word_1_143' title='bbox 743 1778 843 1814; x_wconf 86' lang='lat' dir='ltr'>nornen</span> 
     </span>
    </p>

    <p class='ocr_par' dir='ltr' id='par_1_9' title="bbox 97 1830 793 1899">
     <span class='ocr_line' id='line_1_24' title="bbox 97 1830 793 1899; baseline 0.006 -20"><span class='ocrx_word' id='word_1_144' title='bbox 97 1830 149 1880; x_wconf 84' lang='grc'>305</span> <span class='ocrx_word' id='word_1_145' title='bbox 162 1832 271 1883; x_wconf 84' lang='lat' dir='ltr'>Fulvius</span> <span class='ocrx_word' id='word_1_146' title='bbox 283 1835 392 1898; x_wconf 87' lang='lat' dir='ltr'>excepit</span> <span class='ocrx_word' id='word_1_147' title='bbox 403 1848 457 1883; x_wconf 90' lang='lat' dir='ltr'>non</span> <span class='ocrx_word' id='word_1_148' title='bbox 469 1849 551 1883; x_wconf 90' lang='lat' dir='ltr'>unum</span> <span class='ocrx_word' id='word_1_149' title='bbox 563 1840 676 1899; x_wconf 88' lang='lat' dir='ltr'>pectore</span> <span class='ocrx_word' id='word_1_150' title='bbox 687 1833 793 1883; x_wconf 89' lang='lat' dir='ltr'>vulnus.</span> 
     </span>
    </p>

    <p class='ocr_par' dir='ltr' id='par_1_10' title="bbox 158 1901 853 2161">
     <span class='ocr_line' id='line_1_25' title="bbox 158 1901 818 1968; baseline 0.003 -18"><span class='ocrx_word' id='word_1_151' title='bbox 158 1901 221 1952; x_wconf 88' lang='lat' dir='ltr'>Huc</span> <span class='ocrx_word' id='word_1_152' title='bbox 234 1903 359 1968; x_wconf 89' lang='lat' dir='ltr'>primate</span> <span class='ocrx_word' id='word_1_153' title='bbox 370 1904 436 1952; x_wconf 89' lang='lat' dir='ltr'>siste</span> <span class='ocrx_word' id='word_1_154' title='bbox 449 1904 516 1964; x_wconf 90' lang='lat' dir='ltr'>acie,</span> <span class='ocrx_word' id='word_1_155' title='bbox 529 1904 572 1953; x_wconf 92' lang='lat' dir='ltr'>cui</span> <span class='ocrx_word' id='word_1_156' title='bbox 584 1902 685 1953; x_wconf 83' lang='lat' dir='ltr'>Consul</span> <span class='ocrx_word' id='word_1_157' title='bbox 696 1903 723 1951; x_wconf 93' lang='lat' dir='ltr'>in</span> <span class='ocrx_word' id='word_1_158' title='bbox 735 1904 818 1953; x_wconf 87' lang='lat' dir='ltr'>armis</span> 
     </span>
     <span class='ocr_line' id='line_1_26' title="bbox 159 1968 853 2036; baseline 0.003 -16"><span class='ocrx_word' id='word_1_159' title='bbox 159 1971 297 2036; x_wconf 81' lang='lat' dir='ltr'>Crispinus</span> <span class='ocrx_word' id='word_1_160' title='bbox 309 1971 416 2021; x_wconf 88' lang='lat' dir='ltr'>cecidit.</span> <span class='ocrx_word' id='word_1_161' title='bbox 444 1973 490 2022; x_wconf 89' lang='lat' dir='ltr'>Me</span> <span class='ocrx_word' id='word_1_162' title='bbox 502 1978 532 2022; x_wconf 91' lang='lat' dir='ltr'>tu</span> <span class='ocrx_word' id='word_1_163' title='bbox 544 1973 676 2022; x_wconf 86' lang='lat' dir='ltr'>comitare</span> <span class='ocrx_word' id='word_1_164' title='bbox 687 1985 738 2036; x_wconf 88' lang='lat' dir='ltr'>per</span> <span class='ocrx_word' id='word_1_165' title='bbox 748 1968 853 2033; x_wconf 90' lang='lat' dir='ltr'>hostes,</span> 
     </span>
     <span class='ocr_line' id='line_1_27' title="bbox 159 2039 852 2104; baseline 0.006 -17"><span class='ocrx_word' id='word_1_166' title='bbox 159 2040 210 2099; x_wconf 76' lang='lat' dir='ltr'>Qui</span> <span class='ocrx_word' id='word_1_167' title='bbox 222 2039 301 2090; x_wconf 90' lang='lat' dir='ltr'>nobis</span> <span class='ocrx_word' id='word_1_168' title='bbox 313 2042 446 2104; x_wconf 84' lang='lat' dir='ltr'>(memini)</span> <span class='ocrx_word' id='word_1_169' title='bbox 455 2041 489 2091; x_wconf 88' lang='lat' dir='ltr'>ad</span> <span class='ocrx_word' id='word_1_170' title='bbox 503 2043 608 2091; x_wconf 81' lang='lat' dir='ltr'>Cannas</span> <span class='ocrx_word' id='word_1_171' title='bbox 619 2042 785 2091; x_wconf 87' lang='lat' dir='ltr'>laetissimus</span> <span class='ocrx_word' id='word_1_172' title='bbox 795 2041 852 2091; x_wconf 90' lang='lat' dir='ltr'>irae</span> 
     </span>
     <span class='ocr_line' id='line_1_28' title="bbox 159 2107 694 2161; baseline 0.004 -3"><span class='ocrx_word' id='word_1_173' title='bbox 159 2107 256 2158; x_wconf 82' lang='lat' dir='ltr'>Servili</span> <span class='ocrx_word' id='word_1_174' title='bbox 267 2107 322 2159; x_wconf 83' lang='lat' dir='ltr'>fers</span> <span class='ocrx_word' id='word_1_175' title='bbox 334 2124 383 2159; x_wconf 86' lang='lat' dir='ltr'>ora</span> <span class='ocrx_word' id='word_1_176' title='bbox 393 2110 469 2160; x_wconf 91' lang='lat' dir='ltr'>ducis</span> <span class='ocrx_word' id='word_1_177' title='bbox 480 2112 579 2161; x_wconf 81' lang='lat' dir='ltr'>suffixa</span> <span class='ocrx_word' id='word_1_178' title='bbox 588 2116 694 2160; x_wconf 77' lang='lat' dir='ltr'>veruto.</span> 
     </span>
    </p>

    <p class='ocr_par' dir='ltr' id='par_1_11' title="bbox 96 2176 858 2509">
     <span class='ocr_line' id='line_1_29' title="bbox 96 2176 853 2246; baseline 0.003 -20"><span class='ocrx_word' id='word_1_179' title='bbox 96 2176 147 2226; x_wconf 84' lang='grc'>310</span> <span class='ocrx_word' id='word_1_180' title='bbox 160 2179 247 2228; x_wconf 87' lang='lat' dir='ltr'>Cerno</span> <span class='ocrx_word' id='word_1_181' title='bbox 259 2176 406 2244; x_wconf 76' lang='lat' dir='ltr'>flagrantes</span> <span class='ocrx_word' id='word_1_182' title='bbox 418 2181 521 2241; x_wconf 87' lang='lat' dir='ltr'>oculos,</span> <span class='ocrx_word' id='word_1_183' title='bbox 534 2181 689 2246; x_wconf 84' lang='lat' dir='ltr'>vultumque</span> <span class='ocrx_word' id='word_1_184' title='bbox 701 2179 853 2230; x_wconf 86' lang='lat' dir='ltr'>timendum</span> 
     </span>
     <span class='ocr_line' id='line_1_30' title="bbox 157 2246 858 2313; baseline 0.004 -17"><span class='ocrx_word' id='word_1_185' title='bbox 157 2246 218 2296; x_wconf 90' lang='lat' dir='ltr'>Non</span> <span class='ocrx_word' id='word_1_186' title='bbox 228 2248 288 2313; x_wconf 89' lang='lat' dir='ltr'>ipso</span> <span class='ocrx_word' id='word_1_187' title='bbox 298 2247 386 2297; x_wconf 88' lang='lat' dir='ltr'>minus</span> <span class='ocrx_word' id='word_1_188' title='bbox 398 2262 462 2298; x_wconf 88' lang='lat' dir='ltr'>ense</span> <span class='ocrx_word' id='word_1_189' title='bbox 474 2255 559 2312; x_wconf 91' lang='lat' dir='ltr'>tuum,</span> <span class='ocrx_word' id='word_1_190' title='bbox 572 2250 720 2300; x_wconf 86' lang='lat' dir='ltr'>fortissime</span> <span class='ocrx_word' id='word_1_191' title='bbox 733 2249 858 2300; x_wconf 78' lang='lat' dir='ltr'>Poenum</span> 
     </span>
     <span class='ocr_line' id='line_1_31' title="bbox 157 2316 792 2382; baseline 0.005 -16"><span class='ocrx_word' id='word_1_192' title='bbox 157 2319 179 2366; x_wconf 86' lang='lat'>0</span> <span class='ocrx_word' id='word_1_193' title='bbox 191 2318 309 2367; x_wconf 81' lang='lat' dir='ltr'>iuvenis:</span> <span class='ocrx_word' id='word_1_194' title='bbox 322 2316 428 2382; x_wconf 85' lang='lat' dir='ltr'>qualem</span> <span class='ocrx_word' id='word_1_195' title='bbox 439 2318 502 2379; x_wconf 91' lang='lat' dir='ltr'>vidi,</span> <span class='ocrx_word' id='word_1_196' title='bbox 514 2335 575 2369; x_wconf 83' lang='lat' dir='ltr'>cunr</span> <span class='ocrx_word' id='word_1_197' title='bbox 586 2319 695 2369; x_wconf 87' lang='lat' dir='ltr'>flumine</span> <span class='ocrx_word' id='word_1_198' title='bbox 707 2333 792 2370; x_wconf 82' lang='lat' dir='ltr'>saevo</span> 
     </span>
     <span class='ocr_line' id='line_1_32' title="bbox 156 2386 835 2456; baseline 0.01 -23"><span class='ocrx_word' id='word_1_199' title='bbox 156 2387 271 2452; x_wconf 88' lang='lat' dir='ltr'>Insignis</span> <span class='ocrx_word' id='word_1_200' title='bbox 283 2386 400 2437; x_wconf 86' lang='lat' dir='ltr'>Trebiae</span> <span class='ocrx_word' id='word_1_201' title='bbox 413 2388 584 2453; x_wconf 83' lang='lat' dir='ltr'>complexum</span> <span class='ocrx_word' id='word_1_202' title='bbox 595 2388 751 2456; x_wconf 86' lang='lat' dir='ltr'>ingentibus</span> <span class='ocrx_word' id='word_1_203' title='bbox 763 2387 835 2440; x_wconf 89' lang='lat' dir='ltr'>ulnis</span> 
     </span>
     <span class='ocr_line' id='line_1_33' title="bbox 149 2454 771 2509; baseline 0.002 -3"><span class='ocrx_word' id='word_1_204' title='bbox 149 2454 277 2509; x_wconf 87' lang='lat' dir='ltr'>Mersisti</span> <span class='ocrx_word' id='word_1_205' title='bbox 288 2454 373 2509; x_wconf 75' lang='lat' dir='ltr'>lurido</span> <span class='ocrx_word' id='word_1_206' title='bbox 382 2456 532 2508; x_wconf 82' lang='lat' dir='ltr'>luctantem</span> <span class='ocrx_word' id='word_1_207' title='bbox 543 2474 614 2509; x_wconf 84' lang='lat' dir='ltr'>vana</span> <span class='ocrx_word' id='word_1_208' title='bbox 625 2458 771 2508; x_wconf 91' lang='lat' dir='ltr'>tribunum.</span> 
     </span>
    </p>

    <p class='ocr_par' dir='ltr' id='par_1_12' title="bbox 76 2526 908 2818">
     <span class='ocr_line' id='line_1_34' title="bbox 76 2526 778 2601; baseline -0.006 -25"><span class='ocrx_word' id='word_1_209' title='bbox 76 2526 132 2577; x_wconf 84' lang='lat'>315</span> <span class='ocrx_word' id='word_1_210' title='bbox 142 2529 185 2581; x_wconf 83' lang='lat' dir='ltr'>At</span> <span class='ocrx_word' id='word_1_211' title='bbox 195 2536 235 2595; x_wconf 89' lang='lat' dir='ltr'>tu,</span> <span class='ocrx_word' id='word_1_212' title='bbox 252 2531 298 2601; x_wconf 91' lang='lat' dir='ltr'>qui</span> <span class='ocrx_word' id='word_1_213' title='bbox 311 2530 423 2601; x_wconf 87' lang='lat' dir='ltr'>gelidas</span> <span class='ocrx_word' id='word_1_214' title='bbox 431 2529 527 2581; x_wconf 70' lang='lat' dir='ltr'>Ticini</span> <span class='ocrx_word' id='word_1_215' title='bbox 533 2529 638 2595; x_wconf 80' lang='lat' dir='ltr'>primus</span> <span class='ocrx_word' id='word_1_216' title='bbox 647 2527 778 2575; x_wconf 66' lang='lat' dir='ltr'>abundas</span> 
     </span>
     <span class='ocr_line' id='line_1_35' title="bbox 135 2591 807 2673; baseline -0.012 -18"><span class='ocrx_word' id='word_1_217' title='bbox 135 2598 301 2673; x_wconf 83' lang='lat' dir='ltr'>Scipiadae</span> <span class='ocrx_word' id='word_1_218' title='bbox 315 2605 413 2673; x_wconf 88' lang='lat' dir='ltr'>patris</span> <span class='ocrx_word' id='word_1_219' title='bbox 425 2600 539 2654; x_wconf 74' lang='lat' dir='ltr'>tinxisti</span> <span class='ocrx_word' id='word_1_220' title='bbox 547 2591 807 2661; x_wconf 59' lang='lat' dir='ltr'>sanguine.lexmws</span> 
     </span>
     <span class='ocr_line' id='line_1_36' title="bbox 126 2657 906 2748; baseline -0.035 -24"><span class='ocrx_word' id='word_1_221' title='bbox 126 2674 163 2726; x_wconf 85' lang='lat' dir='ltr'>ln</span> <span class='ocrx_word' id='word_1_222' title='bbox 169 2693 202 2730; x_wconf 85' lang='lat' dir='ltr'>ce</span> <span class='ocrx_word' id='word_1_223' title='bbox 204 2684 268 2748; x_wconf 83' lang='lat' dir='ltr'>pta</span> <span class='ocrx_word' id='word_1_224' title='bbox 278 2689 466 2747; x_wconf 86' lang='lat' dir='ltr'>exsequere,</span> <span class='ocrx_word' id='word_1_225' title='bbox 477 2677 511 2726; x_wconf 84' lang='lat' dir='ltr'>et</span> <span class='ocrx_word' id='word_1_226' title='bbox 521 2657 906 2743; x_wconf 32' lang='lat' dir='ltr'>nat&#39;rmilixredbe&#39;cmmqm.</span> 
     </span>
     <span class='ocr_line' id='line_1_37' title="bbox 120 2715 908 2818; baseline -0.044 -23"><span class='ocrx_word' id='word_1_227' title='bbox 120 2746 155 2799; x_wconf 84' lang='grc' dir='ltr'>Η</span> <span class='ocrx_word' id='word_1_228' title='bbox 157 2767 177 2803; x_wconf 87' lang='lat'>0</span> <span class='ocrx_word' id='word_1_229' title='bbox 181 2765 375 2806; x_wconf 63' lang='lat' dir='ltr'>prescamne</span> <span class='ocrx_word' id='word_1_230' title='bbox 386 2751 491 2818; x_wconf 80' lang='lat' dir='ltr'>ipsos,</span> <span class='ocrx_word' id='word_1_231' title='bbox 502 2738 631 2793; x_wconf 75' lang='lat' dir='ltr'>ueniant</span> <span class='ocrx_word' id='word_1_232' title='bbox 641 2731 680 2780; x_wconf 72' lang='lat' dir='ltr'>ab</span> <span class='ocrx_word' id='word_1_233' title='bbox 688 2715 908 2790; x_wconf 55' lang='lat' dir='ltr'>medimnos</span> 
     </span>
    </p>
   </div>
   <div class='ocr_carea' id='block_1_3' title="bbox 0 0 964 2962">
    <p class='ocr_par' dir='ltr' id='par_1_13' title="bbox 0 0 964 2962">
     <span class='ocr_line' id='line_1_38' title="bbox 0 0 964 2962; baseline 0 0"><span class='ocrx_word' id='word_1_234' title='bbox 0 0 964 2962; x_wconf 95' lang='lat' dir='ltr'> </span> 
     </span>
    </p>
   </div>
  </div>
 </body>
</html>
