1920 2962
222 164 474 221 PUNICORUM
501 167 582 219 [ΑΒ.
605 167 640 220 X.
720 201 721 204 =
754 170 805 223 2⁰9

63 285 250 342 vulneribust
267 288 403 349 Quantine
414 291 517 339 emtum
531 287 598 337 velit
606 288 758 355 flmmbal,
774 297 806 344 ut

542 371 593 406 nos

66 426 215 479 vertentes
226 432 306 493 terga
316 422 448 490 aspiciatl
459 422 517 475 Nec
528 424 595 474 talia
603 425 700 478 Paullo

65 497 197 556 Pectora,
208 510 260 546 nec
271 509 365 545 manes
375 500 433 545 tam
442 508 528 560 parva
537 494 670 546 intramus
680 498 781 564 imago.

65 566 116 620 llle
127 580 189 633 ego.
218 561 273 615 Sed
284 579 354 614 vanu
367 561 431 683 quid
441 564 513 613 enim
524 568 552 614 te
563 562 693 615 demorer
702 579 794 633 aeger,
818 567 867 618 29⁰

66 634 201 697 Lentule,
217 638 369 701 conquestu
400 632 504 699 Perge,
518 637 601 750 atfque
617 629 679 685 binc
695 634 807 702 cuspide

555 716 645 752 essum

66 774 152 840 Eripe
162 770 367 840 quadrupedem
377 783 503 836 propere.
531 771 603 888 Tbum
613 770 747 822 Lentulus
758 773 808 823 Ur·

563 853 615 901 em,

68 913 172 981 Magna
182 909 273 962 ferens
291 906 434 969 mandata,
449 909 531 973 petit:
549 922 600 959 nec
615 907 726 960 Paullus
740 910 807 960 inut-

544 982 611 1039 tum,

70 1048 151 1114 Quod
163 1053 289 1116 superest
298 1046 333 1098 de
344 1046 415 1108 luce,
426 1047 498 1097 sinit.
528 1047 583 1098 ceu
595 1047 707 1098 vulnere
716 1048 796 1114 tigris

68 1118 195 1172 Letifera
208 1116 308 1167 cedens
318 1115 438 1175 tandem,
450 1116 627 1183 proiectaque
637 1131 738 1182 cerpus
819 1115 868 1166 295

68 1188 208 1243 Laetatur
218 1184 310 1246 morti,
323 1188 352 1234 et
360 1182 536 1250 languentem
547 1184 643 1249 pandit
653 1182 755 1235 hiatum

66 1258 95 1310 ln
104 1269 197 1309 vanos
209 1267 324 1314 mersus,
336 1266 387 1302 nec
400 1251 597 1304 sufficientibus
607 1255 665 1305 irae

65 1327 181 1387 lctibus,
192 1328 317 1374 extrema
326 1320 421 1373 lambit
430 1321 565 1373 venabula
575 1323 675 1390 lingua.

63 1396 181 1464 lamque
191 1391 349 1444 coruscanti
359 1390 451 1454 telum,
464 1393 629 1460 propiusque
640 1391 739 1443 ferenti

65 1467 202 1520 Grannum
215 1460 405 1524 exsultantem,
418 1467 446 1511 et
457 1475 554 1512 securo
566 1461 659 1514 caedis
670 1462 760 1512 lentae
819 1459 868 1510 30⁰

62 1535 131 1588 Nou
140 1535 333 1597 exspectatum
344 1545 458 1598 surgens
470 1530 605 1581 defixerat
617 1545 719 1591 ensem,

62 1603 266 1668 Sidoniumque
277 1599 374 1651 ducem
386 1598 643 1667 circumspectabat,
653 1601 681 1650 in
690 1600 737 1650 illa

64 1674 214 1739 Exoptans
226 1670 343 1719 animam
354 1673 505 1720 certantem
517 1684 621 1735 ponere
633 1668 738 1719 dextra.

69 1742 125 1797 iad
136 1741 230 1792 vicere
240 1739 328 1789 virum
339 1738 500 1789 coeuntibus
511 1737 631 1804 undique
643 1736 705 1786 telis

75 1815 101 1867 lt
115 1810 236 1871 Nemes,
247 1814 276 1860 et
287 1807 434 1867 Garamas,
446 1810 474 1855 et
485 1804 590 1864 Celtae,
607 1811 635 1855 et
645 1805 772 1866 Maurus,
782 1809 811 1855 et

545 1875 634 1924 Astur.
819 1872 869 1924 aei

85 1953 121 2002 'ic
133 1948 195 1999 linis
205 1945 311 1998 Paullo.
344 1945 421 1995 lacet
432 1942 515 1993 altum
526 1948 622 2010 pectus
633 1949 662 1996 et
670 1944 765 2012 ingens

93 2025 203 2079 extera,
215 2030 294 2136 quem
306 2013 369 2077 (seli
382 2015 405 2064 si
413 2012 486 2064 bella
495 2013 625 2081 agitanda
636 2013 778 2079 darentur)

96 2100 208 2156 equares
231 2098 312 2136 ursan
322 2083 417 2136 Fabio.
446 2083 523 2134 Mers
534 2083 643 2135 additur
654 2084 720 2135 Urbi

101 2155 191 2210 dabra
202 2154 295 2218 decus,
306 2154 432 2220 misitque
442 2153 494 2204 viri
502 2154 575 2205 intcr
584 2153 675 2204 sidera
684 2168 792 2204 nomen.

109 2231 223 2294 siquam
240 2237 302 2290 apes
313 2222 412 2273 ltalum
426 2228 586 2290 mentesque
601 2224 629 2274 in
641 2223 756 2275 Consule
772 2222 870 2340 lu·31⁰

567 2307 623 2355 sae,

116 2380 127 2414 ι
137 2369 254 2414 truncas
266 2361 372 2427 capitis,
384 2361 472 2411 saevis
482 2308 619 2413 exer-girus
631 2361 713 2412 armis

121 2433 218 2492 mitur,
229 2435 258 2482 et
269 2430 367 2480 victrix
379 2434 439 2480 teto
450 2429 542 2481 fremit
552 2429 644 2480 Africa
654 2442 761 2495 campe.

134 2502 281 2553 Picentum
292 2499 375 2561 acies,
385 2495 430 2548 bic
440 2497 542 2550 Umber
552 2499 677 2559 Martius,
689 2499 743 2549 illic

132 2586 174 2621 na
184 2568 339 2637 procumbit
349 2568 444 2636 pubes,
454 2565 501 2619 bic
511 2569 758 2621 Hernicaturma.

137 2639 366 2706 imsigneiacent,
380 2638 722 2712 quaeSamnisbclligcr,
731 2645 763 2688 ab
773 2623 919 2700 <imm

142 2713 206 2760 'stes
214 2709 321 2776 populi,
335 2712 520 2788 Marsaeque
528 2716 631 2771 tulere
644 2709 817 2766 canentem

152 2791 213 2827 ras
232 2778 247 2828 l
254 2793 337 2838 ann.
736 2777 768 2827 o
