1920 2962
312 37 411 106 Strage
427 39 513 88 virum
530 51 633 86 mersus
644 39 747 83 'l'rebia
765 39 927 151 est,latque
943 51 956 86 u

787 118 823 168 pu
834 108 863 153 to

252 175 302 226 too
313 176 406 242 Lydia
417 174 551 225 Flaminio
562 173 702 240 premitur,
713 171 822 238 lateque
835 171 956 240 refulges

314 244 436 307 Ossibus,
447 259 479 294 ac
489 243 562 294 nullo
574 241 713 292 sulcantur
724 255 834 291 vomere
845 243 946 308 campi.

314 314 419 365 clarior
430 311 472 364 his
481 313 585 375 titulus,
598 311 711 379 plusque
722 310 838 360 allatura
849 313 956 362 cruoris

313 382 376 433 Lux
387 384 481 434 oritur.
500 380 568 432 Mihi
578 395 677 448 magno
687 381 762 440 satis,
773 386 815 429 sot
826 394 892 431 vero
905 396 957 447 sup

315 450 439 502 Bellandi
450 465 555 500 merces
568 451 604 500 sit
613 449 713 516 gloria:
725 454 818 498 cetera
827 449 906 500 vobis

253 519 304 572 195
316 521 475 572 Vincuntur.
496 518 631 583 Quidquid
642 516 692 567 diti
704 517 814 568 devexit
823 518 940 580 Hibero,

316 587 453 655 Quidquid
462 588 491 637 in
500 587 627 637 Aetnaeis
636 587 750 636 iactavit
761 587 848 636 Roma
858 589 956 653 trium}

315 658 386 720 Quin
396 657 480 708 etiam
490 655 598 722 Libyco
610 657 634 706 si
645 654 753 722 quidde
764 656 844 706 litore
855 663 956 723 raptun

315 726 451 787 Condidit,
460 727 489 776 in
498 732 605 776 vestros
615 725 707 774 veniet
717 726 774 775 sine
787 725 908 776 sortibus
920 740 955 776 en

314 795 397 846 Ferte
408 793 519 856 domos,
536 794 607 860 quod
623 794 722 844 dextra
738 792 825 843 dabit:
847 794 885 844 nil
899 796 956 846 vict

788 878 863 913 noris

254 936 305 984 200
314 933 358 983 Ex
369 930 465 996 opibus
476 944 570 997 posco.
588 930 693 996 Raptor
705 947 754 998 per
763 931 856 983 secula
868 933 953 1001 longa

314 999 460 1051 Dardanus
471 999 620 1051 edomitum
631 1000 708 1051 vobis
719 1001 879 1068 spoliaverit
890 1003 956 1053 orbs

317 1070 370 1132 oui
380 1069 468 1135 Tyria
478 1069 554 1120 ducis
566 1067 713 1120 Sarranum
724 1071 758 1121 ab
770 1072 875 1138 origine
885 1086 956 1123 nomn

314 1139 369 1192 Seu
380 1137 505 1189 Laurens
516 1138 574 1201 tibi,
587 1137 668 1208 Sigeo
679 1138 785 1191 sulcato
797 1139 906 1203 colono,

314 1208 422 1261 Arridet
432 1208 521 1272 tellus,
532 1224 581 1261 seu
592 1215 655 1260 sunt
665 1208 787 1274 Byzacia
799 1210 877 1260 cordi

254 1278 305 1330 2⁰5
316 1281 391 1330 Rura
401 1280 500 1347 magis,
513 1283 623 1330 centum
633 1280 726 1330 Cereri
736 1278 895 1330 imdcuntia
908 1280 956 1331 cul]

314 1349 428 1401 Eiectos
440 1354 536 1416 optare
548 1349 620 1399 dabo
631 1350 703 1399 inter
713 1350 836 1414 praemia
847 1364 956 1416 campos

314 1418 419 1469 Addam
429 1419 525 1479 etiam,
536 1416 608 1468 flava
617 1414 738 1483 Thybris
749 1433 816 1485 quos
826 1420 925 1486 irrigat
935 1435 956 1469 u*

271 1496 273 1503 ’
314 1486 434 1580 gentiiis
443 1484 504 1580 late
509 1486 640 1569 gregibus
648 1486 797 1580 depascere
808 1490 891 1572 ripas.
905 1557 929 1580 n
