1920 2962
140 217 172 263 2⁰
329 210 357 258 C.
387 206 491 257 slhll
521 206 684 257 ITALlGl

138 330 263 390 Quantus
272 328 403 378 Bistoniis
413 327 469 377 lata
483 325 618 376 Gradivus
629 327 655 376 in
669 325 723 376 oris

137 398 274 464 Belligero
286 399 391 463 rapitur
403 411 493 456 curru,
505 394 643 460 telumque
656 408 808 444 coruscans

77 466 128 516 435
140 468 269 516 Titanum
281 481 334 533 quo
345 466 423 533 pulsa
435 461 543 524 cohors,
555 461 700 530 flagrantia
709 462 784 513 bella

139 535 320 601 Cornipedum
331 534 426 586 oblatu
437 537 524 593 tonat,
536 537 564 581 et
575 531 738 582 stridoribus
749 534 808 584 axis

138 605 384 670 lamquellostum,
396 601 578 671 Rutulumque
590 598 715 661 Pholum,
727 603 808 667 ingen

537 673 539 678 ’
614 685 665 736 que
676 669 808 721 Metiscus

138 743 196 792 lam
206 742 345 810 Lygdum,
355 741 525 808 Duriumque
537 738 629 858 simull,
647 737 804 804 flavumque

623 823 724 869 assum,

138 883 175 932 Et
184 885 316 949 geminos,
329 879 458 932 Chromin
466 883 548 944 atque
557 876 654 995 Gyap,
659 877 808 929 demiserat

633 961 678 995 rrs.

79 1021 130 1068 440
141 1015 268 1065 Daunum
280 1015 371 1077 etiarn,
382 1021 464 1082 grata
476 1028 529 1081 quo
541 1026 595 1063 non
607 1015 758 1081 spectatior
768 1016 808 1067 alt

139 1086 217 1137 Voce
228 1097 339 1133 movere
351 1083 425 1146 lora,
438 1090 520 1150 atque
533 1084 637 1134 orando
649 1085 752 1151 lingere
762 1100 808 1136 mc

140 1152 198 1204 Nec
208 1153 300 1220 legum
312 1158 405 1203 custos
418 1153 565 1214 sollertior,
577 1168 676 1219 aspera
685 1153 747 1202 telis

139 1223 224 1272 Dicta
235 1221 443 1273 admiscentem:
464 1223 604 1283 Quaenam
616 1229 657 1283 te,
673 1222 777 1285 Poene,
789 1240 808 1291 p

612 1305 663 1341 nae

139 1361 203 1411 Huc
214 1359 327 1426 adigunt
336 1359 436 1410 Furiae
448 1377 454 1408 :
472 1360 534 1411 Non
546 1359 616 1410 haec
628 1358 740 1410 Sidonia
750 1366 808 1413 tect

78 1429 130 1479 445
140 1429 270 1479 Feminea
279 1426 416 1478 fabricata
426 1444 515 1491 manu,
524 1432 648 1495 pretiove
665 1436 772 1495 parata,

139 1495 320 1548 Exsulibusve
332 1496 425 1546 datum
436 1497 563 1549 dimensis
574 1499 638 1549 litus
650 1499 747 1548 arenis.

138 1566 327 1617 Fundamenta
337 1565 439 1627 Deum,
450 1567 626 1630 Romanaque
638 1565 752 1617 foedera
764 1584 809 1622 cer

138 1637 186 1684 Ast
197 1634 285 1695 illurn,
296 1638 357 1684 toto
367 1635 516 1684 iactantem
527 1633 593 1682 talia
604 1649 710 1699 campo,

137 1705 243 1771 lugenti
254 1709 363 1768 raptum
375 1705 443 1764 nisu,
455 1703 600 1768 medioque
611 1703 730 1752 virorum

77 1774 128 1823 450
138 1773 266 1824 Avulsunr
276 1774 349 1824 inter
358 1772 415 1823 tela
425 1771 517 1841 globo,
524 1776 621 1837 etpost
626 1776 705 1837 terga
716 1776 808 1829 revinc

139 1843 276 1894 Hannibal
287 1843 322 1894 ad
333 1859 450 1909 poenam
460 1843 551 1894 lentae
561 1840 808 1899 mandaveratirae

137 1914 361 1977 lncrepitansque
372 1928 438 1962 suos
446 1913 542 1961 inferri
553 1913 631 1978 signa
641 1910 766 1961 iubebat:

138 1979 245 2043 Perque
256 1980 332 2042 ipsos
346 1980 437 2028 caedis
450 1979 585 2041 cumulos,
597 1986 770 2047 stragemque
786 1987 808 2049 ig

275 2076 277 2081 ·
610 2054 669 2097 tum

138 2112 313 2163 Monstrabat
323 2112 483 2167 furibundus
493 2118 555 2177 iter,
568 2124 735 2185 cunctosque
746 2123 785 2170 cir

82 2183 132 2233 455
144 2181 270 2244 Nomine,
281 2188 310 2231 et
324 2184 351 2231 in
368 2186 484 2250 praedas
501 2191 619 2236 stantem
636 2186 719 2237 dabat
734 2192 776 2257 imj

614 2257 717 2307 urbem.

139 2317 193 2368 Sed
205 2325 350 2384 postquam
362 2334 378 2369 a
388 2322 501 2387 trepidis
512 2325 623 2375 allatum
630 2363 637 2389 ,
650 2326 757 2377 fervere
769 2343 778 2382 r

137 2387 283 2438 Diversam
295 2388 385 2438 Marte
395 2388 524 2455 infausto,
535 2395 684 2462 Murroque
697 2411 760 2447 secu

138 2456 220 2506 llunc
231 2454 350 2523 Superos
362 2457 488 2510 tribuisse
500 2462 581 2526 diem,
592 2466 647 2514 ruit
657 2466 733 2514 ocius

139 2523 299 2591 Lymphato
312 2540 401 2588 cursu,
415 2535 496 2595 atque
507 2533 632 2600 ingentes
644 2534 732 2583 deser'

74 2592 129 2643 460
138 2593 291 2644 Letiferum
303 2602 399 2646 nutant
408 2596 543 2665 fulgentes
554 2604 656 2652 vertice
668 2604 716 2652 cris

135 2663 218 2713 Crine
229 2669 260 2713 ut
270 2663 434 2718 flammifero
445 2673 534 2720 terret
543 2669 604 2722 iera
611 2685 698 2738 regna

119 2728 319 2802 Sanguineum
328 2742 585 2812 spargensignem:
595 2743 705 2794 remita
