1920 2962
171 136 221 188 ³58
371 130 400 180 C.
430 126 534 180 slbll
563 123 730 178 l'rnblcl

172 253 230 306 Nos
239 252 348 318 Libyae
358 250 440 301 terris
450 247 605 300 tramittere
615 247 696 314 signa
705 245 832 315 pigebit}

173 324 211 375 Et
221 322 325 388 Tyrias
335 320 442 387 agitare
455 314 570 369 domosi
581 313 688 367 Secura
698 315 796 383 pericli

175 393 274 443 Litora
283 390 340 440 lata
350 392 456 456 patent,
468 391 496 438 et
507 387 600 452 opima
609 399 680 451 paee
692 385 790 453 quieta

116 460 166 513 685
179 460 240 512 Stat
249 458 339 511 tellus.
366 457 478 507 Timeat
487 455 599 506 tandem
611 451 763 522 Carthago,
773 455 864 506 timeri

176 532 301 591 Assueta,
312 531 342 578 et
352 525 440 588 nobis,
452 525 575 593 quamvis
586 523 722 575 Oenotria
733 524 858 576 nandum

176 596 330 650 Hannibale
343 610 409 646 arva
419 598 528 656 vacent,
540 607 685 660 superesse
690 593 833 662 intelligat
838 607 914 646 arma

178 668 334 733 niumago,
356 679 436 733 quem
446 668 554 715 vosmet
571 663 659 725 cauti,
681 664 865 732 consultaque
878 675 914 712 ve·

653 737 714 784 stra

178 806 209 857 ln
221 804 303 854 Latio
316 801 408 854 iecere
419 816 521 865 senem,
533 802 577 852 cui
589 802 673 855 tertia
683 800 762 869 large

119 875 169 928 690
182 873 318 926 Fundeati
328 877 453 924 nostrum
465 871 602 923 ducuntur
612 871 701 923 lustra
709 884 851 933 eruorem,

179 945 258 996 lllum
275 957 326 1010 ego
344 941 380 993 ad
393 944 521 994 intensas
538 941 724 1008 trepidantem
745 945 776 990 et
798 954 861 993 sera
876 951 912 1004 pa·

638 1015 750 1062 ventem

180 1082 327 1132 Advertam
337 1080 444 1148 patriae
455 1079 544 1132 sedes.
572 1081 613 1131 An
623 1080 712 1133 Rama
722 1079 831 1131 videbit

182 1151 287 1218 Turpia
296 1152 458 1219 Agenoreae
468 1151 552 1201 muris
562 1150 680 1218 vestigia
690 1146 827 1202 dextraei

183 1219 321 1288 Carthago
331 1220 459 1271 immunis
469 1225 580 1272 nostros
591 1233 690 1272 secura
698 1219 813 1272 labores

120 1290 171 1341 695
183 1290 282 1340 Audiet
291 1291 407 1351 interea,
420 1295 448 1341 et
459 1290 546 1355 partis
557 1289 672 1341 bellabit
682 1287 806 1356 apertisl

181 1360 252 1408 Tum
263 1372 329 1408 vero
340 1357 431 1423 pulset
441 1364 552 1411 nostras
561 1359 662 1411 iterum
672 1359 819 1427 improbus
828 1356 905 1410 hastis

180 1428 272 1478 Ariete
284 1423 397 1477 Sidonio
408 1431 508 1491 turres,
520 1429 543 1480 si
553 1429 657 1497 templa
667 1444 781 1483 suerum

181 1495 243 1546 Non
255 1500 319 1547 ante
330 1495 448 1548 audierit
459 1497 565 1550 Rutulis
577 1500 743 1567 crepitantia
752 1497 873 1555 flammis.

182 1564 296 1617 Talibus
308 1569 417 1618 accensi
428 1566 536 1631 Patres,
548 1568 662 1638 fatoque
673 1575 804 1635 vocante,

122 1638 172 1686 '100
184 1635 307 1687 Consulis
319 1644 472 1689 annuerunt
483 1638 573 1701 dietis,
585 1638 763 1708 faustumque
773 1637 876 1707 precati

182 1705 219 1757 Ut
228 1705 301 1758 soret
310 1707 456 1772 Ausoniae,
467 1711 621 1760 tramittere
630 1708 703 1761 bella
714 1711 851 1763 dederunt
