1920 2962
203 110 454 163 PUNlCORUM
482 111 563 163 LlB.
586 112 660 166 XVl.
756 116 806 168 345

67 230 244 300 sceptrigero
256 247 316 282 curn
327 246 392 299 rege
403 233 461 298 pari
475 226 525 281 s'ub
536 230 641 283 honore
652 235 781 286 residunt.
817 237 865 288 245

67 304 139 353 Tum
152 303 227 367 prior
238 299 279 352 bis
287 301 349 351 infit
359 306 449 351 terrae
460 307 577 367 pacator
588 302 722 354 Hiberae:

65 372 161 423 Prima
171 368 245 431 mibi,
257 369 366 421 domitis
379 370 501 435 Pyrenes
512 371 646 437 gentibus,
656 373 696 422 ire

65 441 106 493 Ad
116 447 168 495 ¹tua
178 455 263 506 regna
273 439 326 489 fuit
335 445 529 505 properantem
540 446 568 490 et
579 443 698 492 maxima
709 458 783 505 cura,

10 566 16 573 ⁸
67 510 90 561 0
108 511 210 576 sceptri
228 508 382 560 venerande
399 507 520 575 Syphax.
554 508 613 560 Nec
628 525 672 561 me
687 526 806 579 aequore

543 593 641 630 saevus

65 647 200 699 Tardavit
210 647 300 699 medio
312 654 421 715 pontus.
448 646 510 698 Non
521 648 607 699 ardua
618 652 708 716 regnis
815 642 865 701 250

66 719 238 782 Quaesumus
250 723 297 768 aut
306 715 442 768 inbonora
452 717 520 768 tuis:
532 720 667 786 coniunge
678 719 785 771 Latinis

64 788 226 840 Unmiimum
238 792 343 853 pectus,
356 787 501 854 sociusque
513 788 615 838 accede
626 789 760 839 secundis.

63 857 127 909 Non
138 858 187 909 tibi
196 856 336 922 Massylae
346 862 451 924 gentes,
463 861 629 925 extentaque
641 857 720 908 tellus

32 926 202 994 xSyrtibus,
214 932 242 977 et
253 926 316 977 latis
327 927 453 993 proavita
463 927 587 992 potentia
599 929 702 992 campis

63 997 186 1064 Amplius
197 996 339 1047 attulerint
348 995 466 1056 decoris,
478 1010 559 1063 quam
571 996 687 1046 Romula
698 998 783 1048 uirtus
814 997 863 1048 255

10 1102 18 1114 .
63 1068 148 1118 Certa
157 1067 251 1116 iuncta
262 1064 325 1125 fide,
338 1069 366 1114 et
376 1064 471 1131 populi
480 1064 627 1115 Laurentis
637 1063 764 1116 honores.

63 1138 165 1187 Cetera
176 1134 239 1202 quid
250 1131 387 1184 referam?
397 1133 459 1184 Non
469 1132 539 1183 ullus
550 1134 656 1183 scilicet
665 1134 711 1183 ulli

61 1207 172 1271 Aequus
185 1202 361 1263 Coelicolum,
372 1204 418 1271 qui
428 1201 559 1253 Dardana
570 1202 680 1253 laeserit
691 1217 774 1254 arma.

60 1274 174 1326 Acidis-it
183 1273 256 1324 laeto
267 1272 407 1338 Massylus
420 1278 447 1323 et
459 1273 553 1323 annuit
564 1287 621 1336 ore,

61 1342 281 1410 Conrplexusque
293 1344 389 1405 virum,
401 1343 552 1394 Firmemus
563 1358 704 1410 prospera,
716 1343 792 1406 dixit,
813 1345 863 1396 26⁰

62 1414 171 1476 Onniua,
181 1428 232 1464 nec
244 1414 316 1465 votis
329 1411 428 1480 Superi
439 1414 621 1465 concordibus
633 1413 731 1477 absint,

62 1485 294 1551 Cornigerumque
313 1485 405 1534 lovem
427 1484 631 1550 Tarpeiumque
653 1498 700 1535 ore
721 1499 801 1536 voce·

539 1567 608 1603 mus.

61 1625 98 1675 lit
110 1618 189 1672 simul
200 1621 346 1670 exstructis
359 1634 455 1686 cespes
466 1627 624 1671 surrexerat
635 1623 701 1683 aris3

60 1691 237 1756 victimaque
248 1689 376 1740 admotae
387 1689 479 1740 stabat
490 1689 614 1739 subiecta
624 1689 741 1754 bipenni,

62 1764 131 1814 Cum
142 1759 232 1811 subito
244 1758 367 1825 abruptis
377 1758 484 1825 fugiens
496 1757 594 1807 altaria
603 1763 698 1807 taurus
813 1761 862 1812 265

61 1829 181 1883 Exsiluit
191 1829 296 1890 vinclis,
308 1829 466 1896 mugituque
476 1827 568 1877 excita
579 1826 634 1877 late

61 1899 188 1966 Implevit
198 1904 282 1960 tecta,
296 1903 332 1960 et,
344 1897 454 1948 fremitu
466 1896 584 1964 suspiria
594 1910 684 1961 rauco,

62 1971 272 2037 congeminans,
283 1968 391 2036 trepida
401 1972 535 2018 terrorem
546 1966 647 2033 sparsit
657 1967 683 2016 in
696 1967 766 2019 aulo.

61 2040 204 2106 vittaque,
216 2040 351 2090 maiorum
363 2038 536 2099 decoramen,
548 2035 639 2087 fronte
651 2037 709 2088 sinc
719 2037 774 2089 ullo

59 2109 185 2174 Delapsa
195 2113 311 2170 attactu,
322 2108 436 2158 nudavit
445 2113 571 2174 tempora
582 2106 663 2174 regis.
772 2146 776 2152 .
812 2111 862 2159 210

61 2177 144 2230 Talia
154 2178 309 2229 coelicolae
320 2191 419 2228 casuro
429 2177 521 2228 tristia
530 2191 615 2244 regno

62 2246 148 2316 Signa
157 2247 268 2309 dabant,
279 2249 409 2314 sacrique
420 2245 534 2297 aderant
544 2246 800 2314 graviaominafati.

60 2318 117 2370 Hie
126 2316 243 2368 fractum
255 2317 327 2369 bello
340 2331 433 2384 regem
445 2316 569 2383 solioque
579 2315 724 2377 revulsum,

61 2389 183 2455 Tempus
205 2388 269 2448 erit,
291 2402 352 2437 cunr
373 2387 456 2437 ducet
477 2401 561 2453 agens
577 2384 612 2435 ad
627 2384 730 2450 templa
745 2386 800 2438 To·

506 2468 510 2476 ·
537 2455 636 2514 nantis,

62 2527 115 2588 Qui
126 2532 191 2576 tuuc
203 2526 301 2577 orabat
311 2523 554 2577 socialiafoedera
562 2522 692 2591 supplex.
819 2525 882 2571 wa

53 2596 108 2644 His
118 2595 188 2644 actis
197 2597 301 2660 repetit
310 2602 438 2664 portum,
448 2610 622 2669 puppesque
633 2591 766 2646 secundo

42 2660 104 2710 Dat
115 2666 207 2725 rento,
219 2670 249 2714 et
259 2669 339 2722 notis
352 2670 453 2725 reddit
465 2688 501 2727 se
512 2669 617 2742 Scipio
627 2664 737 2720 terris.
