1920 2962
30 2736 46 2796 l

157 152 209 204 188
356 148 378 198 G
415 145 518 198 SlLll
547 144 712 198 lThlslcl

158 269 255 336 Surge,
267 283 327 334 age,
339 272 368 317 et
377 267 491 317 emerito
502 271 698 331 sacrumeaput
707 266 890 321 insereeoelo

116 341 150 390 20
160 341 194 389 nt
204 337 310 402 Libyae
322 336 433 397 ductor,
449 341 592 403 postquam
602 349 674 384 nova
683 336 800 388 nomina
809 336 884 390 lecto

156 407 301 458 Dictatore
312 406 418 471 rigent,
429 405 528 470 raptim
540 408 646 453 mutata
655 402 764 455 Latinis

158 473 353 542 lmperiahaud
360 473 463 525 frustra
468 477 607 538 reputans,
613 486 784 539 cognoscere
791 476 890 527 avebat

160 546 237 606 Quae
248 543 359 594 fortuna
369 544 443 604 viro,
454 541 589 609 quodnam
601 540 698 605 deeus3
709 542 811 594 ultima
821 544 890 597 icam

160 616 268 664 Ancora
279 611 441 673 curFabius,
452 625 531 678 quem
542 613 654 677 posttot
662 610 751 661 Roma
761 614 890 679 procella

117 682 150 732 25
161 681 310 733 Hannibali
319 686 396 748 putet
407 695 467 731 esse
480 694 582 746 parem.
599 679 719 731 Fervore
731 690 860 735 carentes

158 751 301 819 angebant
312 750 388 812 anni,
399 748 543 816 fraudique
551 749 678 813 inaperta
689 756 829 802 senectus.

159 822 243 872 Ocius
253 823 371 871 accitum
383 819 492 887 captivo
502 832 536 869 ex
547 818 654 884 agmine
664 820 756 883 poscit

158 891 321 957 Progeniem
333 890 453 955 ritusque
466 886 556 946 ducis,
567 886 735 954 dextraeque
747 887 875 941 laborem.

158 960 271 1020 Cilnius,
283 958 373 1007 Arreti
383 954 534 1021 Tyrrhenis
544 960 620 1005 crtus
629 956 658 1007 ia
670 957 735 1020 oris,

114 1028 148 1078 30
161 1028 268 1079 clarum
280 1039 378 1076 nornen
390 1030 463 1074 erat:
474 1024 523 1075 sed
534 1024 613 1076 laeva
623 1026 779 1079 adduxerat
789 1025 856 1079 hora

158 1096 247 1147 Ticini
257 1096 382 1145 iuvenem
392 1095 470 1160 ripis,
481 1093 611 1161 fususque
624 1096 727 1147 ruenda

157 1166 277 1218 Vulnere
289 1165 364 1233 equi,
375 1163 490 1230 Libyeis
500 1163 650 1230 praebebat
662 1164 734 1216 colla
745 1166 857 1217 eatenis.

141 1250 144 1255 ⁴
157 1236 212 1285 llic
223 1235 321 1285 ardens
332 1239 455 1284 extrema
464 1233 550 1294 malis,
562 1242 590 1284 et
601 1249 728 1300 rumpere
738 1236 837 1287 vitam:

157 1303 220 1354 Non
232 1319 292 1354 cum
304 1303 437 1353 Flaminio
448 1302 499 1351 tibi
507 1316 565 1362 res,
577 1317 628 1353 aee
639 1302 748 1355 fervida
756 1302 872 1357 Gracchi

116 1373 148 1422 35
160 1373 190 1422 ln
201 1372 325 1421 manibus
336 1370 473 1432 consulta,
482 1371 578 1437 inquit.
603 1370 749 1437 Tirynthia
760 1389 829 1441 gens
838 1382 885 1424 est:

159 1442 247 1502 Quam
258 1441 279 1490 si
291 1438 350 1488 iata
360 1440 414 1489 tuis
424 1440 592 1506 genuissent,
604 1440 833 1504 Hannibal,-on's‚

159 1511 308 1559 Terrarum
318 1508 460 1574 imperium
472 1506 643 1576 Carthaginis
656 1524 720 1560 aree
730 1511 846 1564 rideres.

159 1578 222 1629 Non
232 1593 283 1645 cgo
294 1577 415 1644 telunga
425 1579 496 1628 serie
506 1593 556 1644 per
567 1578 673 1645 singula
683 1579 793 1630 ducam.

158 1648 221 1698 Hoe
233 1653 276 1698 sat
287 1647 347 1697 erit.
366 1647 471 1697 Nosces
480 1647 581 1698 Fabios
593 1649 742 1699 certamine
753 1650 788 1700 ab
799 1664 858 1701 uno.

114 1719 150 1769 4⁰
163 1718 307 1769 Veientum
318 1717 412 1783 populi
422 1716 525 1767 violato
536 1731 604 1783 pace
615 1717 753 1784 negabant

157 1789 308 1853 deceptore
319 1789 425 1854 iugum,
438 1801 470 1835 ac
481 1786 570 1836 vicino
581 1787 671 1836 Marte
681 1785 794 1839 furebat

159 1858 198 1907 hd
210 1863 303 1923 portas
313 1856 425 1917 bellum,
439 1854 591 1922 Censulque
602 1856 692 1906 ciebat
702 1857 736 1906 ad
749 1872 834 1910 arma.

158 1926 289 1976 Deiectus
299 1926 389 1985 vetiti,
402 1926 559 1990 privataque
572 1930 662 1975 castra
672 1925 793 1978 Penates

159 1995 290 2045 Herculei
299 1993 461 2058 implevere:
473 1993 554 2043 domo
565 1994 711 2057 (mirabile)
724 1996 757 2047 ab
768 2013 824 2047 una

116 2063 151 2113 45
163 2064 299 2113 Patricius
308 2061 408 2111 iunctis
419 2063 556 2112 exercitus
567 2062 625 2113 ibat
634 2065 661 2112 in
673 2066 764 2116 armis.

161 2134 217 2181 Ter
229 2135 338 2180 eentum
350 2128 483 2179 exsiluere
495 2130 591 2183 decess
607 2148 769 2201 quoeunque
779 2136 881 2193 liberet,

159 2201 220 2250 Uno
232 2214 285 2248 non
296 2198 410 2264 pavidus
421 2199 540 2250 rexisses
550 2201 622 2251 bella
631 2203 773 2271 magistro.

160 2266 228 2329 Sed,
240 2267 327 2317 dirum
339 2268 456 2334 egressis
467 2282 560 2331 omen,
573 2268 713 2321 Scelerata
722 2275 824 2326 minaci

160 2335 305 2387 Stridentis
317 2338 406 2387 sonitu
418 2341 588 2389 tremuerunt
597 2338 689 2389 limina
699 2347 813 2406 portae,

114 2406 148 2456 50
158 2407 332 2473 Maximeque
345 2405 472 2455 llcreulei
484 2410 599 2475 mugivit
609 2410 723 2459 numinis
735 2427 793 2463 ara.

158 2477 285 2526 lnvasere
297 2475 413 2534 hostem,
425 2479 615 2545 numerarique
627 2492 725 2543 aspera
736 2482 823 2533 virtus

157 2543 240 2594 Haud
251 2549 293 2593 est
302 2558 385 2609 passa
393 2544 480 2605 viros,
492 2552 520 2594 ct
531 2547 622 2615 plnres
633 2547 717 2597 milite
731 2551 839 2603 caedes.

150 2612 244 2682 Saepe
255 2613 341 2683 globo
354 2613 447 2677 densi,
456 2628 540 2680 saepe
549 2622 634 2679 etper
645 2616 726 2665 deuia
734 2621 836 2681 passim

142 2685 283 2756 Dispersi
295 2686 425 2751 subiere,
434 2682 765 2746 ricismeritiquelabara
