1920 2962
211 138 244 190 26
402 137 430 186 G.
459 132 562 185 SlLll
592 134 754 185 lTAlrlGl

211 254 530 309 Vidimusllannibalem.
549 251 697 303 Proculhis
708 252 929 317 amoenibucorr

151 326 201 377 640
213 328 319 384 Arcete,
331 340 347 374 o
360 323 465 390 Superi,
477 329 624 389 nostroque
635 323 661 372 in
671 323 761 372 Marte
774 328 866 373 tenete

211 393 349 444 Fatiierae
360 395 483 443 invenem
493 393 615 442 dextrae.
646 391 706 451 Qua
717 390 789 441 mole
799 397 929 445 sonanter

211 463 305 528 Exigit
315 462 360 512 ille
370 459 481 511 trabesi
499 465 529 511 et
538 465 653 526 quantus
661 461 764 509 crescit
773 461 800 509 in
812 460 914 512 armis!

212 532 371 598 Transiugo
377 531 508 596 Pyrenes,
519 528 796 595 mediumindignatus
804 529 929 582 Hiberun

211 600 320 649 Excivit
331 599 440 665 Calpen,
451 603 480 649 et
488 612 593 648 mersos
603 595 692 662 Syrtis
702 598 791 648 arenis

151 668 201 719 645
212 668 326 718 Molitur
335 667 461 734 populos,
473 668 631 732 maioraque
641 667 751 716 moenia
762 668 876 732 quaerit.

212 735 346 802 Spumeus
352 734 405 797 bic,
417 735 508 787 medio
515 737 558 803 qui
565 737 652 802 surgit
658 735 691 785 ab
698 750 826 802 aequore,
838 735 929 788 lluotm

211 804 241 855 Si
252 803 397 871 prohibere
408 807 498 872 piget,
509 811 615 855 vestras
627 803 753 871 effringet
762 806 789 854 in
799 805 889 855 urbes.

211 875 245 924 At
255 876 324 924 tanti
334 876 452 941 pretium
463 880 562 935 motus,
572 875 699 938 ruptique
709 888 758 937 per
770 888 847 924 enses

212 943 352 1002 Foederis,
363 941 417 992 hoc
427 943 526 1002 iuveni,
536 943 627 991 iurata
637 943 663 991 in
674 941 745 992 bella
756 943 853 1004 ruenti,

152 1009 202 1059 666
215 1011 339 1070 Creditis,
350 1016 381 1060 ut
391 1015 496 1060 6666666
506 1015 651 1075 superatae
662 1011 723 1060 iuro
732 1009 872 1078 Saguntoi

212 1080 295 1130 Ocius
305 1080 351 1139 ite,
363 1079 421 1141 riri,
433 1084 461 1129 et
467 1083 624 1129 nascentem
631 1081 793 1147 exstinguite
800 1078 928 1135 llomman

211 1146 253 1197 Ne
264 1162 341 1197 serae
353 1148 468 1199 redeunt
477 1154 540 1213 post
551 1154 632 1198 auctu
642 1149 764 1215 pericula
775 1164 866 1198 curae.

213 1217 373 1284 Quanquam
380 1232 407 1278 o,
419 1218 442 1266 si
448 1216 535 1266 nullus
540 1227 638 1279 terror,
648 1233 704 1268 non
710 1218 867 1268 obrutaiem
875 1234 929 1269 nun

212 1283 322 1335 Semina
331 1285 468 1335 fumarent
479 1286 554 1336 belli:
572 1293 716 1338 uestraene
732 1285 854 1353 Sagunto

151 1352 395 1420 bibSpernendum
401 1357 628 1423 consanguineam
635 1355 798 1421 protendere
804 1356 929 1406 dextram

212 1424 306 1473 Omnis
317 1423 412 1485 Hiber,
424 1425 511 1474 omnis
521 1426 621 1491 rapidis
633 1425 692 1475 iere
705 1425 794 1475 Gallia
805 1426 911 1485 turmis,

212 1491 306 1542 Omnis
317 1492 351 1542 ub
364 1491 492 1544 aestifero
504 1496 598 1544 sitiens
610 1494 697 1559 Libys
706 1495 829 1543 imminet
840 1507 900 1543 axe.

211 1559 266 1610 Per
275 1575 324 1611 vos
336 1561 410 1611 culta
420 1562 465 1612 diu
477 1563 593 1614 Rutulae
604 1563 753 1627 primordia
763 1564 861 1629 gentis,

211 1627 430 1697 Laurentemque
436 1632 560 1694 larem,ot
565 1631 711 1698 genetricis
717 1632 911 1696 pignoroTroii

152 1695 202 1745 660
215 1698 381 1750 Conservete
392 1701 460 1765 pios,
472 1703 519 1819 Χιί
530 1704 685 1767 permutare
699 1699 788 1747 coacti

210 1767 373 1819 Acrisioneis
384 1770 471 1836 Tiryn
503 1771 531 1819 ia
542 1767 659 1818 culmina
670 1767 761 1816 muris.

211 1835 268 1885 Vos
280 1838 362 1887 etiam
374 1838 493 1889 Zanclen
505 1837 588 1888 Siculi
600 1843 696 1886 contre
708 1850 784 1886 arma
794 1840 898 1899 tyrann·

211 1902 312 1955 lusisse
323 1909 474 1973 egregiumz
498 1922 548 1955 vos
557 1911 586 1955 et
597 1906 734 1969 Campona
745 1905 814 1954 tueri

211 1971 329 2035 Moenia,
340 1976 453 2041 depulso
465 1973 616 2023 Samnitum
628 1973 736 2031 robore,
747 1972 858 2038 dignum

150 2037 200 2087 665
213 2037 317 2106 Sigacis
327 2044 443 2093 duxistis
454 2043 519 2092 aris.
548 2039 634 2090 Vetus
644 2041 735 2090 incole
747 2040 846 2103 Dauni,

211 2109 314 2162 Testor
324 2128 382 2172 ros,
394 2110 492 2168 fontes,
503 2112 532 2158 et
542 2113 639 2174 stagna
650 2123 750 2159 666666
760 2110 877 2173 Numici,

211 2179 276 2228 Cum
289 2179 354 2230 felix
363 2178 473 2242 nimium
485 2177 633 2228 dimitteret
644 2178 732 2229 Ardea
742 2180 852 2244 pubem,

210 2245 297 2299 Sacra
306 2247 470 2311 domumque
481 2244 584 2308 ferens,
597 2253 624 2297 et
635 2248 676 2297 avi
689 2250 839 2313 penetralia
850 2250 872 2299 Τ

210 2317 288 2366 Ultra
298 2316 425 2379 Pyrenen
436 2312 586 2364 Laurentia
597 2317 707 2367 nomina
716 2317 789 2367 duxi.

151 2381 201 2431 616
215 2385 269 2433 Cur
279 2387 311 2432 ut
319 2382 420 2441 decisa,
433 2387 514 2449 utque
527 2385 620 2435 avulsa
631 2401 648 2436 6
658 2401 774 2451 corpore
788 2387 863 2439 mem'

210 2451 367 2515 Despiciar,
378 2458 520 2519 vesterque
531 2453 588 2503 luat
600 2470 648 2505 cur
658 2455 772 2506 foedera
782 2471 857 2525 sang·

211 2518 343 2578 Tandem,
355 2523 385 2568 ut
395 2519 487 2572 linitae
497 2537 589 2584 voces,
600 2525 771 2584 (miserabile
781 2526 853 2590 riqu

211 2585 342 2637 Submissi
354 2589 472 2654 palmus,
483 2591 604 2643 lacerato
617 2596 735 2661 tegmine
745 2595 841 2657 restis,

139 2714 142 2719 ,
201 2655 327 2722 Afflgnnt
334 2661 414 2725 proni
424 2661 578 2729 squalentia
589 2677 706 2730 corpora
714 2669 806 2713 terrae
