1920 2962
147 132 198 183 294
337 129 365 179 C.
395 125 500 178 SlLll
527 124 693 195 lgTALlcl
762 162 768 167 -

147 252 184 301 Et
194 246 303 314 placida
312 246 460 296 indomitos
472 246 580 312 accepit
590 247 667 312 regia
678 260 779 297 mores.

147 318 280 384 Namque,
292 315 334 365 bis
345 315 453 367 octonis
465 315 584 366 nondum
595 329 644 364 rex
650 315 792 381 praeditus
801 315 885 378 aalma

148 387 271 454 Caligare
284 385 340 435 alto
350 386 378 435 in
390 383 470 446 solio,
479 399 531 435 nec
541 382 664 450 pondera
673 386 753 452 regni

108 458 139 509 90
151 456 237 507 Posse
249 456 321 522 pati,
332 459 361 504 et
371 454 482 504 nimium
493 452 573 504 iluxis
584 453 725 505 confidere
737 450 829 505 rebus.

148 527 259 593 lamque
270 524 346 574 brevi
357 522 467 584 nullum,
479 522 581 573 delicta
589 522 730 574 tuentibus
743 525 837 585 umis,

147 597 201 646 Fas
214 599 319 654 notum,
329 593 507 659 ignotumque
517 589 608 642 nefas:
619 591 754 643 vilissima
765 593 826 660 regi

149 666 220 714 Cura
230 661 327 729 pudor.
358 662 429 712 Tam
439 660 582 728 praecipiti
593 665 719 713 materna
730 659 821 713 furori

147 730 271 799 Pyrrhus
278 732 355 799 origo
361 731 446 782 dabat
451 730 883 797 stimulcsprcaviquesuperbun

105 803 137 853 95
149 801 284 853 Aeacidae
296 816 390 868 genus,
403 805 431 850 at
449 814 484 850 ue
497 804 623 850 aeternus
635 800 757 850 carmine
763 797 882 851 Achillea

150 873 224 938 Erga
235 870 318 920 ardor
329 869 433 921 subitus
467 882 599 920 cenorum
608 868 721 935 incepta
730 867 856 920 fovendi:

149 940 207 991 Nec
219 939 316 991 sceleri
327 953 412 989 mora.
425 939 528 989 Coniun
550 939 570 988 't
580 936 785 1000 ncvaicedera,
797 943 882 1006 pecie,

149 1009 266 1060 Cederet
276 1013 307 1058 ut
317 1005 415 1058 Siculis
426 1008 515 1058 victor
545 1006 653 1057 idonius
665 1008 731 1058 oris.

148 1077 202 1130 Sed
214 1077 325 1128 stabant
340 1090 460 1142 poenae,
477 1075 663 1142 tumulumque
678 1076 801 1144 negabat
811 1076 872 1129 lirin

621 1161 684 1210 nys,

87 1218 137 1266 110⁰
151 1217 212 1278 Qua
221 1215 305 1267 modo
315 1221 413 1281 pactus
425 1220 486 1265 erat
495 1214 600 1265 socium
609 1228 796 1279 noncernere,
807 1222 872 1267 terra

148 1285 251 1335 Saevos
260 1299 377 1350 namque
387 1285 445 1349 pati
456 1282 552 1344 iustus,
562 1283 745 1352 iuvenemque
757 1289 866 1337 cruenta

147 1353 321 1420 Flagrantem
332 1352 407 1413 luxu,
419 1357 448 1402 et
458 1353 619 1403 miscentem
628 1354 722 1419 turpia
732 1353 809 1417 diris,

146 1420 228 1472 Haud
239 1420 312 1470 ultra
321 1418 426 1482 faciles,
437 1435 505 1487 quos
514 1421 558 1471 ira
567 1427 710 1490 metusque
722 1424 865 1491 coquebat,

146 1489 424 1556 luratincbtruncant:
446 1504 497 1541 nec
511 1491 568 1541 iam
583 1491 680 1543 modus
699 1494 824 1546 ensibus:
839 1491 878 1547 ad·

622 1561 691 1612 dunt

86 1629 136 1680 105
149 1629 307 1680 Femineam
326 1629 452 1690 caedem,
475 1634 557 1696 atque
578 1630 717 1681 insontum
740 1638 822 1699 rapta
841 1646 878 1683 sc·

622 1714 716 1750 rorum

147 1771 270 1835 Corpora
281 1774 458 1836 prosternunt
468 1768 552 1820 ferro.
575 1767 754 1821 Novasaevit
764 1772 792 1822 in
804 1762 888 1823 armis'

145 1838 288 1901 Libertas,
303 1841 443 1906 iactatque
452 1840 554 1906 iugum.
582 1838 650 1890 Pars
662 1839 769 1891 Punica
785 1847 878 1902 castra,

145 1907 212 1958 Pars
223 1908 308 1958 ltalcs
319 1915 348 1959 et
357 1915 423 1959 ncta
435 1908 542 1972 volunt3
554 1923 605 1959 nec
618 1909 700 1961 turba
710 1909 849 1963 furentum

144 1977 227 2037 Delii,
240 1992 310 2042 quae
320 1983 418 2028 neutro
430 1979 531 2029 sociari
540 1977 654 2029 foedere
665 1978 751 2031 malit.

85 2047 135 2095 110
146 2044 208 2094 Tali
219 2044 379 2095 Trinacriae
392 2052 477 2109 motu,
488 2047 623 2115 rebusque
636 2045 743 2101 Sicanis

143 2114 235 2164 Exitio
247 2115 319 2180 regis
332 2116 454 2181 trepidis,
468 2116 589 2168 sublimis
600 2116 706 2170 honore

142 2183 251 2246 (Tertia
261 2198 323 2233 nam
335 2183 433 2236 Latios
443 2192 591 2238 renovarat
602 2203 723 2255 purpura
734 2189 837 2254 fasces)

141 2252 287 2303 Marcellus
300 2252 414 2304 classem
425 2256 567 2307 Zanclaeis
578 2257 683 2325 appulit
695 2260 760 2310 cris.

142 2324 229 2390 Atque
249 2321 295 2373 ubi
315 2329 414 2374 cuncta
434 2325 507 2386 viro,
528 2327 681 2395 caedesque
704 2336 825 2396 exposta
840 2336 878 2397 ty·

616 2413 695 2448 raum

81 2461 130 2511 115
141 2460 487 2530 Ambiguaequehcminum
493 2471 611 2530 mentem
625 2434 881 2537 Cartdaginisarma

142 2532 217 2594 Quos
230 2538 349 2597 teneant,
363 2539 391 2585 et
403 2539 512 2602 quanta,
524 2534 614 2599 loc0s;
625 2536 697 2602 quod
709 2538 808 2607 vulgus
817 2541 879 2591 ami·

623 2620 688 2654 cum

120 2673 222 2730 Duret
237 2678 431 2751 Troiugenis3
443 2682 568 2747 quantus
579 2670 851 2724 aremusaxummes
