1920 2962
133 140 167 189 10
318 134 346 185 G.
376 132 486 186 SlLll
514 132 683 186 lTALlCl

135 253 281 305 Hannibali
290 267 396 314 rocem,
407 252 503 303 sollers
514 253 618 303 nutrire
629 251 745 312 furores,

91 326 125 376 80
135 325 287 374 Romanum
298 322 367 373 sevit
378 321 473 387 puerili
483 322 511 370 iu
521 327 635 386 pectore
645 320 746 386 bellum

135 393 207 445 Urbe
218 391 271 442 fuit
279 390 370 441 media
379 404 488 441 sacrum
497 391 643 457 genetricis
654 389 759 440 Elissae

134 459 270 522 Manibus,
282 466 311 511 et
320 460 411 526 petria
421 459 514 524 Tyriis
524 456 668 511 formidine
681 457 832 533 cultum),

137 529 217 592 Quod
228 530 287 580 taxi
303 530 406 581 circum
423 533 451 579 at
466 529 561 594 piceae
572 527 757 594 squalentibus
783 550 851 597 uns

134 599 314 661 llbdideront‚
325 597 449 665 coelique
460 596 591 648 arcebant
601 595 716 658 lumine,
732 601 849 669 tempo(

91 668 125 718 85
136 670 200 720 Hoc
210 683 271 720 sesa
282 669 329 730 (ut
340 664 500 734 perbibent)
513 666 585 717 caris
595 664 755 716 mortalibus
766 665 853 742 olis]

135 739 259 790 Exaerat
268 737 373 804 Regina
384 736 455 786 loco.
484 733 853 806 Stantmsrmoremaestffi

136 808 263 876 Effigies,
274 806 412 874 Belusque
424 820 539 873 parens,
557 805 697 872 omnisque
708 808 851 870 nepotum

135 879 158 928 A
168 877 236 929 Belo
250 878 348 930 serim
367 881 424 926 stet
432 875 521 942 gloria
530 875 619 941 gentis
630 875 747 939 Agenor,

136 949 173 998 Et
186 947 232 1013 qui
242 944 325 1011 longe
334 944 411 995 dedit
420 943 502 994 terris
514 942 678 1009 cognomina
690 939 825 994 Phoenix.

93 1015 126 1065 90
138 1016 202 1081 ipsa
211 1013 289 1063 sedet
299 1011 411 1062 tandem
421 1016 564 1061 aeternum
575 1011 721 1061 coniuncta
732 1009 853 1078 Sychaei

136 1085 206 1134 Ante
216 1082 300 1148 pedes
311 1082 383 1131 ensis
393 1077 530 1146 Phrygius
540 1080 621 1130 iacet.
651 1080 752 1132 Ordine
765 1087 853 1133 centu

138 1151 219 1202 Stant
229 1165 294 1201 arae
306 1149 430 1216 coelique
441 1148 522 1210 Deis,
533 1149 679 1217 Ereboque
690 1151 804 1216 potenti

138 1222 202 1283 Hie,
213 1221 288 1270 crine
298 1217 395 1281 eiiuso,
407 1223 489 1285 atque
500 1217 649 1269 Hennaeae
660 1221 771 1270 numina
776 1211 851 1272 Diva

137 1292 225 1358 Atque
232 1285 646 1355 AcherontavocatStygiacum
653 1294 729 1340 veste
736 1290 853 1340 sacerdo

95 1359 128 1410 05
140 1359 269 1425 lmmugit
283 1357 378 1417 tellus,
389 1358 545 1424 rumpitque
556 1355 693 1409 horrenda
704 1373 753 1425 per
763 1358 853 1411 umbri

138 1426 236 1490 Sibila3
254 1427 394 1477 inaccensi
404 1425 521 1494 flagrant
532 1427 662 1479 altaribus
673 1429 759 1496 ignes.

138 1498 210 1546 Tum
219 1496 327 1563 magico
338 1495 454 1546 volitant
464 1503 546 1548 cantu
556 1511 605 1563 per
613 1499 705 1548 inania
715 1512 811 1557 manes

138 1566 243 1627 Exciti,
253 1564 397 1632 vultusque
406 1567 434 1616 in
445 1579 581 1618 mmmore
592 1567 673 1618 sudat
682 1567 796 1618 Elissae.

137 1633 257 1685 Hanibal
266 1631 335 1685 haec
346 1636 436 1701 patrio
446 1636 523 1687 iussu
534 1636 567 1686 ad
579 1637 730 1702 penetralia
740 1636 842 1686 fertur:

79 1707 129 1754 100
139 1704 310 1771 lngressique
322 1702 431 1756 habitus
442 1711 525 1772 atque
536 1720 585 1756 ora
595 1707 720 1773 explorat
726 1705 853 1758 Hamilea

139 1772 201 1824 Non
213 1773 258 1824 ille
270 1775 375 1826 eventis
386 1775 525 1841 Massylae
536 1775 633 1841 palluit
645 1777 710 1834 iras,

138 1842 199 1894 Non
211 1843 285 1896 diros
295 1844 389 1912 templi
400 1845 478 1907 ritus,
489 1859 654 1911 aspersaque
665 1841 730 1893 tabo

138 1913 254 1974 Limina,
267 1920 296 1964 et
308 1915 402 1964 audito
414 1921 557 1980 surgentes
570 1914 689 1962 carmine
699 1909 832 1963 flammas.

139 1982 192 2032 Olli
202 1982 372 2049 permulcens
383 1983 492 2047 genitor
503 1986 598 2046 eaput,
611 1976 705 2028 oscula
716 1976 795 2026 libat:

79 2050 129 2098 105
140 2051 299 2115 Attollitquc
312 2051 416 2099 animos
427 2047 574 2110 hortando,
586 2053 614 2097 et
623 2046 722 2096 talibus
732 2047 842 2111 implet:

140 2119 214 2170 Gens
224 2117 345 2169 recidiva
354 2115 495 2183 Phrygum
502 2116 637 2167 Cadmeae
648 2116 739 2181 stirpis
752 2116 853 2172 alnmns

138 2186 310 2239 Foederibus
320 2201 374 2236 non
386 2199 473 2252 aequa
484 2184 596 2251 premit:
615 2184 638 2234 si
648 2183 706 2236 iata
716 2188 845 2252 negarint

139 2257 266 2308 Dedecus
276 2255 305 2304 irl
315 2255 420 2319 patriae
431 2259 526 2304 nostra
537 2252 674 2319 depellere
690 2255 796 2318 dextra,

139 2326 217 2375 Haec
228 2330 277 2373 tua
288 2324 323 2373 sit
333 2323 402 2384 laus,
412 2327 490 2384 nate,
500 2321 579 2372 velis:
599 2338 650 2390 age
662 2326 776 2391 concipe
786 2325 853 2381 bellr

80 2395 128 2442 110
140 2394 246 2444 Latura
259 2393 371 2442 exitium
381 2390 578 2442 Laurentibus:
597 2389 708 2445 horreat
721 2400 797 2445 ortus

138 2465 195 2513 lom
205 2460 291 2527 pubes
303 2458 449 2527 Tyrrhena
459 2466 536 2512 tuos:
559 2468 706 2531 partusque
717 2472 853 2533 recusent¹

138 2533 180 2581 Te
191 2535 328 2597 surgente,
340 2546 416 2596 puer,
427 2531 525 2583 Latiae
537 2532 688 2598 producere
700 2539 815 2585 matres·
846 2548 853 2585 ,³

138 2601 191 2651 His
202 2600 276 2650 acuit
286 2601 408 2652 stimulis.
428 2599 585 2669 Subicitque
596 2600 669 2653 baud
680 2601 774 2653 mollia
783 2602 853 2659 diota

121 2668 270 2722 Romanos
281 2676 358 2724 terra
369 2678 453 2744 atquc
465 2672 557 2738 undis,
566 2671 614 2723 ubi
624 2677 763 2737 oompetot
771 2674 853 2727 aetas
