1920 2962
182 191 232 240 1¹12
373 186 402 237 G.
431 183 536 237 siml
564 182 732 235 lrsblcl

118 320 121 330 ·
182 305 508 372 Sulfureum,tacitisque
518 302 595 355 vadis
605 302 641 354 ad
650 302 736 354 litora
744 302 865 371 lapsum,
926 313 929 358 Y

180 377 300 438 Accolit,
312 376 426 441 Arpinas
433 410 442 437 ,
453 374 543 425 accita
553 372 624 439 pube
637 370 762 425 Venafro

181 448 219 497 ric
231 445 392 497 Larinatum
404 442 522 504 dextris,
533 442 611 492 socia
619 438 744 507 hispidus
755 457 839 495 arma

122 515 173 566 405
185 518 359 575 commoret,
370 519 452 580 atque
461 511 526 562 viris
535 511 631 578 ingens
642 508 772 562 exhaurit
783 512 914 581 Aquino}

183 585 289 636 Tullius
301 587 410 634 aeratas
420 580 548 647 raptabat
557 580 585 629 in
596 579 706 647 agmina
715 584 836 645 turmas,

183 655 270 722 Regia
280 652 439 720 progenies,
451 655 479 700 et
491 648 572 700 Tullo
583 649 693 716 sanguis
704 648 741 700 ab
753 650 824 703 alto.
852 704 855 709 ,

182 722 276 775 lndole
289 720 352 789 prol
364 719 593 788 quantalurenis,
606 723 796 787 quantumque
814 720 914 771 dator·

182 794 318 844 Ausoniae
329 790 436 857 populis
446 794 562 841 ventura
570 788 598 837 in
607 787 702 838 secula
712 788 819 840 civem!

122 865 173 913 410
185 862 243 925 llle,
254 876 337 929 super
349 860 472 925 Gangen,
484 872 566 924 super
576 855 721 907 exauditus
732 864 762 909 et
772 858 867 923 indos,

184 931 311 998 Implebit
320 936 409 979 terras
419 942 501 989 voce,
513 930 541 977 et
552 924 662 976 furialia
671 925 747 979 bella

183 999 306 1052 Fulmina
318 1002 475 1062 compescet
484 995 608 1062 linguae,
618 1010 670 1045 nec
681 994 785 1049 deinde
795 998 915 1067 relinquet

184 1069 239 1118 Par
249 1068 333 1119 decus
344 1065 445 1132 eloquii
457 1065 582 1131 cuiquam
592 1079 705 1132 sperare
716 1074 860 1133 nepotum.

184 1139 259 1190 Ecce
269 1138 342 1188 inter
352 1137 455 1202 primos
466 1131 649 1201 Therapnaeo
660 1149 678 1186 a
690 1138 830 1203 sanguine
840 1132 916 1189 cisni

124 1208 175 1260 415
186 1207 300 1260 Exultat
309 1206 412 1272 rapidis
424 1203 497 1254 Nero
509 1218 563 1254 non
573 1202 714 1255 imitabilis
725 1206 812 1259 ansis.

185 1278 266 1327 Hunc
278 1277 418 1325 Amiterna
429 1270 538 1334 cohors,
550 1273 691 1324 etBactn's
701 1276 819 1327 nomina
827 1274 915 1327 ἀπα·

186 1346 325 1410 Casperia,
338 1342 409 1393 bunc
415 1342 518 1403 Foruli,
530 1342 796 1410 magnaequeReate
807 1344 915 1397 dicata!

186 1413 353 1465 Coelicolum
364 1412 462 1472 Matri,
475 1426 592 1462 necnon
605 1410 729 1463 habitata
739 1416 846 1481 pruinis
924 1446 932 1459 .

186 1482 299 1544 Nursia,
311 1489 339 1533 et
350 1496 367 1531 a
377 1481 491 1531 'l'etrica
502 1483 667 1532 comitantur
676 1496 747 1551 rupe
759 1482 896 1537 cohorter-

124 1555 175 1605 42⁰
187 1552 298 1604 Cunctis
314 1549 394 1603 hasta
410 1550 509 1613 decus,
525 1551 692 1671 clypeusqqe
708 1551 833 1607 refertur
846 1554 911 1607 inor

680 1635 733 1683 em,

187 1692 307 1759 Conique
317 1689 474 1758 implumes,
486 1705 518 1740 ac
530 1690 608 1740 laevo
619 1691 742 1757 tegmina
754 1706 847 1745 crure.

187 1763 279 1825 ibant,
293 1768 320 1812 ct
330 1761 396 1812 laeti
409 1775 471 1826 pars
483 1757 600 1810 Sancum
611 1774 679 1809 voce
692 1760 833 1813 canebant

186 1835 333 1883 Auctorem
345 1831 449 1899 gentis,
461 1843 525 1894 pars
535 1828 629 1879 laudes
640 1843 688 1880 ore
698 1826 839 1893 ferebant,

187 1902 274 1962 Sabe,
285 1909 361 1961 tuas,
373 1900 417 1966 qui
428 1899 462 1949 de
474 1899 585 1964 proprio
599 1899 763 1965 cognomine
775 1902 879 1967 primm

126 1973 176 2021 425
186 1971 285 2021 Dixisti
299 1968 414 2032 populos
424 1982 524 2034 magna
534 1968 636 2017 ditione
647 1965 774 2019 Sabinos.

188 2038 268 2100 Quid,
280 2038 324 2102 qni
335 2037 452 2086 Picenae
465 2035 586 2086 stimulat
596 2036 699 2087 telluris
710 2038 849 2103 alumnos,

186 2105 324 2157 Horridus
335 2111 363 2155 et
374 2106 493 2171 squamis
504 2112 532 2156 ct
543 2107 642 2172 equina
653 2107 735 2157 Curio
748 2107 852 2161 cristai

186 2176 255 2226 Pars
266 2174 329 2224 belli
341 2190 421 2241 quam
433 2190 533 2242 magna
543 2174 628 2226 venit!
641 2174 703 2226 Non
713 2191 839 2245 aequore
850 2188 919 2229 rer!

186 2247 256 2294 Tam
268 2244 364 2294 creber
374 2242 470 2294 fractis
481 2245 598 2295 albescit
609 2243 708 2296 lluctus
718 2247 746 2296 in
757 2248 853 2301 undisr

125 2316 176 2368 430
188 2313 246 2365 Nec
258 2318 338 2363 coetu
354 2311 470 2373 laxiore,
482 2313 527 2364 ubi
537 2314 609 2365 mille
622 2329 669 2380 per
681 2318 793 2383 agmina
803 2319 879 2385 sirgo

185 2384 303 2435 Lunatis
314 2382 517 2433 aciesimitatur
528 2384 630 2434 Martia
642 2384 731 2450 peltis,
937 2389 942 2440 ξ’

185 2453 339 2518 Perstrepit
349 2456 377 2500 ct
387 2450 467 2501 tellus
478 2457 506 2501 et
517 2453 679 2504 Anrazonius
691 2452 879 2507 Thermodon.
954 2494 960 2514 ,,

188 2523 240 2572 llic
252 2527 289 2584 et,
302 2535 369 2586 quos
382 2527 498 2586 pascunt
508 2522 671 2587 scopulosae
683 2539 749 2574 rura
759 2522 905 2583 Namusa,
933 2555 935 2564 ›

181 2593 221 2646 Et
231 2597 295 2663 quis
304 2590 424 2643 litoreae
432 2588 543 2641 lumant
551 2591 780 2655 sltsusouursc,
955 2648 956 2654 ¹

109 2663 165 2721 ⁴⁸5
181 2665 299 2738 Quique
312 2664 490 2719 Truentinas
498 2663 616 2711 serrant
624 2673 689 2706 cum
695 2656 914 2711 bomem
950 2677 960 2702 s

170 2740 308 2798 Cernere
318 2745 403 2797 erat:
415 2734 560 2804 clypeata
565 2723 672 2794 promi
680 2722 733 2770 adu
742 2720 807 2769 aab*
815 2728 930 2767 ww
