1920 2962
240 170 494 226 Poulcolturd
522 172 604 224 LlB.
627 173 674 225 lX.
771 176 824 228 197

44 331 45 335 ,
78 296 188 365 Magna
202 308 271 345 voce
286 291 397 344 trahens
413 295 599 361 equitemque,
620 295 762 363 virosque,
782 295 821 348 fe-

558 377 606 413 rae
624 378 659 414 ue

86 433 252 498 l'urrigerae
262 430 370 492 molem,
381 380 633 499 tormentorumqrie
643 432 761 484 labores.
829 435 874 487 bot

82 503 172 569 Atque
182 499 229 550 ubi
240 499 395 551 turbantem
406 500 522 551 leviores
533 515 598 551 ense
608 508 734 551 catervas

79 570 203 637 Agnovit
211 570 346 631 iuvenem,
356 569 565 636 scintillauitque
576 572 697 621 cruentis

44 687 45 704 ¹
79 638 129 691 Ira
138 639 227 706 genie,
240 638 495 701 QuaenamFuriae‚
506 640 693 706 quisveegitin
704 638 821 704 hostem,

81 708 135 769 En,
146 707 259 767 Minuci,
270 707 355 769 Deus,
366 716 396 757 nt
407 723 514 758 rursum
523 715 551 758 te
563 708 676 760 credero
685 710 764 761 nobis

82 774 215 836 luderes,
226 775 328 843 iuquitl
341 776 458 827 Genitor
466 776 517 827 tibi
528 783 607 827 uetus
619 778 652 828 ab
665 780 747 829 armis
832 780 881 831 565

82 844 132 896 llle
142 845 226 907 meis,
236 845 282 895 ubi
291 862 363 896 nunc
373 844 492 897 Fabiusl
510 844 613 907 Semel,
623 847 763 913 improbe,
774 864 821 899 no·

558 922 630 966 atras

44 991 45 1002 ¹
81 980 124 1035 Sit
135 984 204 1033 satis
215 985 333 1036 evasisse
343 999 452 1036 manus:
465 991 547 1052 atque
556 984 619 1036 inde
631 986 756 1053 superbis

44 1055 45 1060 ’
79 1052 173 1103 Haste
183 1067 276 1104 comes
287 1053 368 1104 dictis
377 1053 474 1105 murali
484 1054 592 1105 turbiue
604 1061 700 1120 pectus

81 1120 257 1182 Transferat,
268 1128 297 1172 et
307 1136 390 1173 voces
401 1128 530 1173 venturas
541 1130 660 1189 occupat
669 1126 734 1175 ictu.

44 1200 45 1204 ’
80 1189 140 1243 Nec
149 1189 228 1242 terro
238 1192 344 1242 saevire
356 1197 399 1241 sat
409 1196 460 1242 est.
495 1191 720 1258 Appellituratra
830 1196 880 1247 tto

79 1260 155 1311 Mole
167 1259 238 1321 fera,
250 1266 279 1310 et
289 1261 416 1311 monstris
427 1261 601 1326 componitur
609 1261 679 1312 ltala
689 1262 782 1329 pubes.

44 1360 45 1370 1
80 1327 172 1393 Nam,
193 1335 357 1397 praevectus
380 1344 469 1397 equo,
495 1328 682 1382 moderantem
705 1334 816 1399 cuspide

554 1398 646 1452 Lucas

79 1468 208 1520 Maurum
218 1470 246 1521 iu
257 1467 329 1520 belle
339 1466 423 1519 boves
434 1468 549 1521 stimulis
558 1471 707 1523 maioribus
718 1473 767 1535 ire,

80 1540 118 1590 Ac
128 1543 241 1604 raptare
251 1537 328 1588 iubet
337 1536 505 1603 Libycarum
519 1546 644 1590 armenta
654 1538 783 1591 ferarum.

79 1608 202 1661 lmmam
212 1607 330 1659 stridens
341 1609 441 1675 agitur,
452 1608 603 1676 crebroque
615 1616 715 1659 coacte
828 1610 878 1660 515

79 1678 201 1731 Vulnere
210 1676 336 1727 bellatrix
348 1691 482 1797 properos
492 1676 547 1729 lert
557 1677 638 1728 belua
647 1693 765 1744 gressus.

79 1746 189 1799 Lirenti
202 1746 285 1799 dorso
295 1748 388 1808 trrrris,
418 1761 561 1812 emmaque
573 1747 690 1811 virisque

79 1816 116 1868 Et
125 1815 223 1869 iaculis
235 1822 350 1878 umato,
360 1815 451 1866 sedet:
462 1814 557 1882 procul
570 1828 669 1879 aspero
678 1814 782 1880 grando

81 1882 216 1937 fluorum
226 1901 308 1953 super
318 1899 395 1937 arma
405 1885 468 1944 ruit,
480 1883 635 1949 passimque
646 1882 749 1933 volanti

84 1954 174 2007 Celsus
183 1955 301 2007 telorum
314 1954 403 2006 fundit
412 1953 499 2019 Libys
510 1967 611 2021 aggere
621 1952 750 2003 nimbum.
826 1955 877 2004 580

88 2022 141 2075 ltot
151 2026 238 2077 niveis
249 2025 360 2092 longum
370 2025 473 2091 stipata
483 2038 532 2089 per
543 2022 652 2089 agroino
661 2022 760 2073 vallum

93 2094 225 2157 lentibus,
237 2100 319 2161 atque
330 2094 407 2145 ebori
418 2092 541 2159 praefixa
551 2092 703 2142 comminus
714 2090 795 2144 basta

98 2163 177 2231 'uiget
190 2162 226 2213 ab
236 2163 349 2214 incurvo
360 2162 473 2213 derecta
482 2161 624 2213 cacumine
637 2161 737 2228 cuspis.

103 2232 140 2295 ic,
150 2233 225 2283 iuter
234 2231 356 2298 trepidos
366 2246 467 2294 rerum,
477 2246 526 2298 per
537 2230 668 2293 membra,
681 2245 816 2297 perarma

108 2302 173 2370 tigit
183 2300 292 2353 Ufentis
302 2300 465 2352 sceleratum
474 2300 555 2351 belua
565 2300 688 2362 dentem3
826 2300 876 2351 585

113 2376 303 2438 amantemque
314 2369 405 2421 ferens
417 2368 524 2421 calcato
533 2386 583 2437 per
593 2371 702 2437 agmina
711 2374 812 2435 portat.
871 2404 878 2413 -

119 2455 135 2490 c
146 2439 244 2502 levius,
256 2438 345 2490 'Fadio
355 2438 462 2489 laevum
474 2454 527 2505 qua
537 2440 655 2506 tegmine
666 2436 767 2489 thorax

126 2508 240 2576 ltiplicis
249 2508 297 2558 lini
309 2507 410 2559 claudit
418 2507 501 2569 latus,
511 2507 637 2574 improba
646 2507 756 2567 sensim,

128 2593 201 2646 pore
211 2593 266 2629 non
276 2576 361 2641 laeso,
373 2582 553 2646 penetrarunt
562 2576 673 2647 spicula
679 2574 787 2641 dentis,

133 2647 239 2699 ublime
250 2647 336 2699 rtrum
347 2648 451 2720 clypeo
463 2656 621 2704 resonante
628 2648 773 2702 tulerunt.
852 2639 915 2689 Q

137 2714 278 2769 leacussa
288 2721 356 2773 novi
370 2723 462 2779 virtus
472 2730 594 2779 terrore
605 2722 722 2794 pericu.
