1920 2962
178 189 230 241 1¹18
373 188 402 239 0.
433 184 538 238 SlLll
565 185 734 239 l'l'ALlcl

177 308 269 361 Laeta
278 309 337 359 viro
350 308 488 375 gravitas,
499 321 532 358 ac
541 308 640 358 mentis
651 306 772 359 amabile
784 306 892 375 pondus

176 378 214 430 Et
225 378 283 430 sine
293 378 407 429 tristitia
417 378 511 427 virtut.
529 374 592 426 Non
601 375 647 427 illc
657 376 760 443 rigoris

176 447 304 517 ingratas
314 447 423 510 laudes,
434 460 487 497 nee
497 444 597 496 nubem
608 444 709 497 frontis
719 446 846 511 amabat,

176 517 236 569 Nec
247 517 351 569 famam
361 517 440 567 laevo
453 514 603 583 quaerebat
612 514 698 565 linrite
709 516 796 568 vitae.

119 588 170 640 615
181 587 333 639 Addiderat
342 592 386 637 ter
396 585 468 636 mille
479 586 566 647 viros,
576 585 605 635 in
615 584 707 636 Marte
718 586 841 653 sagittae

177 658 331 724 Expertes,
341 655 412 706 lidus
424 653 516 705 Sicula
526 658 657 722 regnator
667 654 701 705 ab
712 655 812 707 Aetna.

177 726 240 778 Non
251 724 431 777 totidemllva
441 725 524 786 viros,
536 723 584 775 scd
593 723 681 776 lectos
687 724 802 793 cingere
811 723 892 778 tenu

177 798 304 849 Armarat
315 796 419 863 patrio,
432 809 486 863 quo
498 795 583 845 nutrit
592 792 679 856 bella,
690 795 816 848 metallo.

177 867 190 917 l
230 872 318 928 osset,
331 866 453 933 quamvls
464 863 543 915 avido
555 864 729 914 comittere
740 878 864 934 pugnam,

117 936 168 987 620
206 936 312 995 arreni,
324 935 480 1001 quicunque
492 933 571 983 dmul
581 932 691 986 tottola
700 932 818 987 videret.

178 1004 276 1054 Tantis
288 1001 440 1071 agminibus
449 999 576 1053 Rhoeteo
585 1002 666 1053 litore
678 1004 819 1070 quondam

177 1074 305 1136 Fruere,
317 1088 379 1123 cum
389 1085 505 1139 magnae
518 1071 631 1121 Troiam
642 1072 892 1141 invasereMyctett

176 1142 252 1194 Mille
261 1149 336 1195 rates
346 1142 414 1193 vidit
424 1140 579 1193 Leandrius
589 1140 798 1210 Hellespontus.

176 1213 214 1264 Ut
223 1218 335 1263 ventum
347 1212 382 1262 ad
394 1212 514 1274 Cannas,
526 1211 602 1262 urbis
612 1213 732 1280 vestigia
741 1214 854 1280 priscae,

116 1281 167 1332 625
177 1281 310 1348 Defigunt
320 1281 380 1330 diro
392 1281 470 1347 signa
480 1279 601 1331 infelicia
611 1280 693 1333 vallo.

175 1349 249 1412 Nec,
260 1354 340 1400 tanta
348 1349 456 1399 miseris
466 1350 575 1417 iamque
588 1350 765 1417 impendente
777 1352 858 1414 ruina,

176 1420 325 1471 cessarunt
336 1416 435 1484 Superi
445 1418 548 1469 vicinas
560 1419 679 1487 prodere
690 1420 794 1473 clades.

173 1488 229 1542 Por
239 1487 358 1538 subitum
369 1488 494 1539 attonitis
505 1488 562 1555 pila
571 1503 701 1542 exarsere
712 1490 846 1559 maniplis,

172 1557 311 1612 Etcelsae
321 1563 382 1610 toto
394 1558 554 1609 ceciderunt
565 1574 666 1627 aggere
677 1561 789 1626 pinnae,

113 1629 164 1681 630
173 1629 343 1697 Nutantique
353 1644 436 1680 ruens
446 1630 596 1695 prostravit
606 1630 711 1681 vertice
724 1630 807 1683 silves

175 1701 333 1770 Garganus,
343 1698 482 1767 fundoque
491 1699 548 1749 imo
559 1700 675 1767 mugivit
684 1698 818 1752 anhelans

172 1771 299 1835 Aufidus,
311 1777 339 1822 et
349 1784 448 1839 magno
459 1768 515 1820 late
526 1768 658 1820 distantia
668 1776 756 1837 ponto

173 1844 344 1893 Terruerunt
355 1841 468 1907 panidos
481 1853 599 1890 accensa
610 1841 748 1891 ceraunia
757 1845 861 1891 nautas.

174 1912 315 1972 Quaesim’t
327 1910 456 1971 Calaber,
469 1909 604 1960 subducta
613 1908 674 1959 luce
686 1916 803 1977 repento

111 1979 162 2028 635
173 1980 314 2029 Immensis
323 1979 459 2041 tenebris,
472 1984 501 2030 et
512 1986 614 2030 terram
625 1985 654 2029 et
664 1979 748 2031 litora
760 1978 852 2048 Sipuss

173 2045 341 2113 Obseditque
352 2045 480 2115 frequens
491 2054 645 2099 castrorum
656 2048 753 2101 limina
763 2049 844 2101 bubo.

171 2115 230 2167 Nec
241 2114 342 2167 densae
352 2118 466 2184 trepidis
478 2119 569 2185 apium
580 2133 611 2170 se
621 2119 763 2171 involvere
776 2119 857 2171 nubet

173 2186 321 2236 Cesserunt
333 2189 442 2253 aquilis:
454 2203 509 2238 non
520 2205 590 2239 unus
601 2190 676 2240 crine
688 2204 807 2241 corusco

171 2255 328 2321 Regnorum
340 2271 450 2306 eversor
460 2256 553 2308 rubuit
562 2258 645 2310 letale
657 2265 791 2312 cometes.

111 2325 161 2373 640
174 2326 272 2376 Castra
283 2339 390 2391 quoque
402 2330 430 2374 et
441 2325 540 2377 vallum
551 2329 664 2379 rabidae
675 2330 818 2381 subnecte
826 2326 892 2381 nint

170 2395 293 2459 lrrnpere
304 2392 394 2454 ferae,
406 2396 532 2461 raptique
545 2403 607 2449 ante
620 2414 669 2449 orn
679 2406 829 2465 paventum

170 2464 319 2514 Adiunctos
331 2463 418 2530 vigilis
431 2473 591 2530 sparserunt
601 2468 726 2520 membra
737 2484 788 2536 per
798 2480 880 2538 agrae

166 2531 345 2583 Ludiiionnte
357 2535 440 2584 etiam
451 2538 565 2587 terroris
576 2538 695 2605 imagine
706 2554 828 2603 somnos,

160 2598 311 2657 Gallorum
325 2606 377 2659 visi
388 2606 483 2660 bustis
495 2621 641 2671 erumpere
647 2622 758 2657 monost
840 2626 843 2631 ·

80 2670 137 2724 645
153 2676 278 2748 Terque
291 2686 459 2753 quaterque
470 2672 892 2744 colopenltnstremneranmdt

140 2749 302 2824 Tfflpffl'ffl
315 2772 430 2829 rupea,
443 2760 538 2824 atque
548 2752 617 2799 ntro
629 2740 770 2806 sanguine
776 2736 882 2785 limen
