1920 2962
194 138 246 188 1¹14
385 136 413 187 C.
443 132 549 185 SlLll
576 130 743 185 lTllLlGl

195 252 345 321 Pasiphae,
356 254 476 320 clamque
487 250 584 304 debinc
595 256 670 303 stant
681 250 779 305 ordine
790 260 895 319 patres.
950 276 953 313 ς

196 324 299 374 Lectos
312 324 397 373 Caere
408 321 589 385 viros‚lectos
600 322 722 372 Conona
732 322 849 388 superbi

136 394 186 445 lib
197 393 345 443 Tarcontis
356 391 452 442 domus
463 397 492 441 et
500 396 608 442 veteres
619 391 720 440 misere
732 389 894 445 Graviscae.

198 462 254 513 Nec
265 477 319 512 non
330 461 456 528 Argolico
468 459 596 511 dilectum
607 459 671 510 litus
682 458 790 511 Haleso

199 533 312 593 ilerum,
323 536 350 582 et
361 530 488 581 obsessae
499 544 594 594 campo
605 528 750 595 squalente
762 528 911 599 Fregellae

197 601 280 652 ,illuit
289 607 317 651 et
324 601 410 651 sacris
420 600 553 664 interpres
565 597 683 648 fulminis
693 596 745 649 alis

197 670 327 731 Faesula,
339 675 366 720 et
378 669 503 736 antiquus
513 668 641 719 Romanis
651 666 799 719 moenibus
810 665 904 723 hrrror

137 741 188 789 480
202 740 339 790 Clusinum
349 738 458 806 vulgus3
471 752 545 799 cum,
556 735 680 788 Porsena
688 751 805 804 magne,
816 736 916 789 iubebas

198 808 387 877 Nequidquam
397 807 490 873 pulsos
500 807 603 857 Romae
617 806 778 871 imperitare
791 804 920 873 Superbos

200 880 278 929 Tunc
291 894 358 945 quos
371 893 387 928 a
399 877 483 927 niveis
495 878 586 943 exegit
596 874 677 926 Luna
686 875 819 938 metallis,

199 949 313 1013 Insignis
325 952 421 1013 portu,
434 960 487 1012 quo
500 961 553 995 non
564 945 712 1012 spatiosior
724 944 797 997 alter

199 1016 355 1065 innumeras
368 1015 473 1080 cepisse
484 1019 571 1075 rates,
583 1020 611 1065 et
621 1012 751 1064 claudere
761 1020 880 1081 pontum,

137 1084 189 1135 485
200 1085 398 1150 Maeoniaeque
410 1082 493 1133 decus
506 1083 642 1150 quondam
652 1082 805 1135 Vetulonia
814 1080 898 1151 gendo

197 1155 326 1205 Bissenos
337 1151 406 1205 hacc
417 1153 504 1218 prima
516 1152 590 1203 dedit
601 1150 769 1218 praecedere
779 1150 875 1211 luces,

197 1224 326 1273 Etiunxit
337 1221 452 1273 totidem
462 1222 547 1272 tacito
559 1226 665 1272 terrore
676 1234 804 1273 securesr

197 1291 276 1341 Hauc
286 1291 355 1341 altas
367 1290 457 1340 eboris
468 1289 609 1341 decorarit
617 1288 723 1341 honore
734 1290 852 1353 curules,

197 1360 235 1409 Et
245 1361 370 1425 princeps
381 1359 468 1422 Tyrio
478 1365 583 1409 restem
594 1359 752 1426 praetexuit
762 1365 851 1413 ostrm

136 1429 187 1480 490
199 1428 277 1479 Haec
288 1428 383 1478 eadem
395 1442 499 1494 pugnas
509 1428 660 1480 accendere
672 1428 788 1494 protulit
798 1444 867 1482 aere

197 1498 248 1548 llis
258 1498 334 1548 mixti
346 1495 483 1563 Nepesina
494 1495 593 1549 cohors
603 1498 741 1618 stagnique
750 1498 860 1561 Falisci.

198 1568 303 1637 Quique
315 1574 390 1627 tuos,
400 1565 525 1629 Planina,
537 1566 630 1629 locos,
663 1567 756 1618 abatin
766 1568 815 1636 qui
832 1580 865 1619 uo

199 1635 302 1707 Stagna
312 1641 407 1688 tenent
420 1637 569 1704 Ciminique
579 1636 682 1698 lacum,
694 1639 742 1704 qui
753 1634 792 1689 Su
829 1653 846 1688 a
858 1638 915 1687 tetii

197 1708 278 1760 llaud
289 1706 393 1776 procul,
405 1712 433 1757 et
443 1721 551 1757 sacrum
562 1705 675 1758 Phoebo
682 1703 800 1759 Soracte
810 1706 914 1773 hqd*

672 1782 740 1827 tent

135 1848 186 1898 495
199 1847 308 1914 Spicula
319 1847 383 1897 bina
393 1852 505 1913 gerunt;
518 1846 602 1911 capiti
612 1845 719 1896 cudone
731 1845 822 1897 ferino

196 1917 246 1967 Sat
256 1923 379 1966 cautum:
397 1916 501 1980 Lycios
512 1915 643 1965 damnant
653 1912 799 1967 hastilibus
812 1928 892 1967 ercon-

195 1985 257 2034 Hae
266 1983 370 2033 bellare
383 1985 456 2034 acies
467 1989 574 2035 norant.
592 1984 627 2034 nt
636 1984 758 2035 Marsica
769 1984 855 2051 pubes

197 2055 232 2103 Et
240 2052 342 2102 bellare
354 2067 448 2115 manu,
460 2060 489 2104 et
499 2052 637 2118 chelydris
648 2059 763 2106 cantare
774 2066 900 2123 soporem

197 2122 396 2189 Vipereumque
407 2120 498 2173 herbis
506 2120 638 2173 hebetare
648 2128 677 2173 et
687 2125 810 2175 carmine
819 2124 915 2177 deum

135 2193 293 2242 bobieetae
306 2192 409 2256 prolem
419 2192 556 2257 Angitiam
565 2192 637 2242 mola
646 2193 772 2260 gramina
783 2196 890 2260 prima!

193 2260 389 2310 ¹blonstrnvisse
399 2258 503 2321 ferunt,
515 2266 647 2328 tactuque
661 2260 775 2315 domare
785 2274 885 2315 venen·

195 2331 231 2380 Et
240 2330 332 2380 lunam
343 2329 495 2378 excussisse
506 2329 585 2395 polo,
597 2329 760 2383 stridoribus
771 2346 864 2383 amnes

194 2401 372 2458 Freuantem,
385 2411 417 2446 ac
429 2396 616 2450 sihisurontes
627 2399 746 2452 nudasse
757 2402 869 2453 vocatis.

195 2467 248 2519 Sed
259 2466 366 2534 populis
377 2481 474 2517 nomen
486 2470 580 2533 posuit
592 2470 759 2521 metuentior
768 2469 875 2538 hospes,

130 2536 182 2586 505
197 2539 263 2589 Cum
289 2537 396 2603 fugeret
417 2535 555 2604 Phrygios
579 2543 654 2589 trans
674 2553 796 2606 aequora
820 2540 914 2601 marn·

676 2609 793 2667 Qreuos,

184 2680 386 2753 Mygdoniam
394 2678 512 2734 Phoebi
524 2678 672 2741 superatus
679 2672 882 2733 pertinuimus.
