1920 2962
224 167 478 225 PUNlGORlJM
508 168 589 222 Llll.⁴
617 172 664 223 lv.
781 170 815 223 tt

74 291 148 341 Tum
157 288 231 340 nodo
243 303 378 356 cursuque
388 288 440 339 levi
451 289 531 340 simul
542 289 653 341 adiuvat
662 288 778 354 bustum,

70 360 194 427 Dignum
204 358 276 408 mole
287 359 339 408 viri
348 358 430 408 nisus.
448 359 531 426 Fugit
541 358 648 426 illaper
658 373 721 412 eres

70 427 233 493 Multiplicls
243 427 304 488 lini,
315 427 497 494 subtextaque
507 429 629 495 tegmine
640 429 738 491 nervis,

69 499 160 564 Atque
172 496 257 546 uiuum
269 501 330 547 tota
338 497 451 546 metitur
462 497 574 562 cuspide
586 503 691 563 pectus.

69 564 233 617 Procumbit
244 564 301 615 leta
311 570 455 631 porrectus
465 567 493 616 in
504 580 570 616 er‘ve
580 567 668 629 ruine,
823 567 873 618 295

68 636 110 686 Et
118 648 252 701 percusse
261 635 347 701 gemit
356 633 437 685 tellus
447 635 605 702 ingentibus
616 637 706 686 ermis.

67 703 156 755 Haud
167 703 260 765 ellter,
271 707 377 753 otmcto
389 701 535 768 Tyrrhena
546 704 582 754 ed
591 704 674 755 litora
684 719 761 765 sexo,

67 774 231 841 Pugnature
241 770 319 822 fretis
331 772 426 822 subter
438 774 581 840 caecisque
594 774 730 838 procellis,

67 841 132 894 Pila
137 879 145 904 ,
156 843 275 891 immane
287 855 401 902 sonans,
410 841 570 908 impingitur
580 841 666 892 ardue
676 848 769 907 ponto.

67 911 201 978 lmmugn't
208 909 330 972 Nereus,
343 909 483 977 divisaque
496 911 606 961 caerula
616 912 694 978 pulsu
823 912 875 962 300

66 979 174 1031 illisum
185 981 324 1045 accipiunt
333 980 406 1029 irata
416 980 465 1029 sub
478 995 597 1047 aequora
607 986 737 1031 montem.

63 1050 196 1100 Ductore
207 1050 307 1099 amisso
319 1048 433 1115 pedibus
444 1064 474 1100 se
485 1050 597 1100 credere
609 1050 716 1101 Celtae:

66 1119 132 1169 Une
143 1132 206 1183 spes
218 1119 308 1168 anima
317 1123 464 1184 tentusque
475 1119 644 1185 pependerat
655 1119 745 1169 erdor.

65 1189 109 1238 Ae
119 1186 205 1237 veluti
216 1201 321 1237 summo
331 1193 447 1238 venator
458 1187 542 1239 densa
552 1188 656 1239 Picano

66 1258 139 1308 Cum
150 1255 238 1307 lustm
249 1257 385 1323 exagitet,
397 1257 545 1325 spissisque
555 1256 688 1308 cubilibus
701 1264 788 1308 atram
822 1258 873 1308 305

64 1325 197 1377 Immittit
207 1326 309 1392 passim
321 1325 435 1376 dumosa
445 1341 495 1392 per
504 1328 577 1377 invio
584 1332 705 1393 pestemr

64 1396 143 1446 Dum
152 1395 253 1445 tacitas
265 1396 336 1445 vires
348 1400 376 1445 et
386 1394 524 1446 flammam
536 1397 639 1464 colligit
648 1397 727 1464 ignis,

65 1462 198 1531 Nigr-enti
208 1465 303 1529 piceus
315 1465 414 1515 sensim
427 1465 542 1533 caligine
553 1472 649 1516 vertex

64 1533 211 1595 Volvitur,
223 1538 251 1583 et
262 1534 356 1600 pingui
367 1540 532 1601 contorquet
543 1535 634 1585 nubila
645 1538 735 1600 fum03

64 1602 138 1655 Mox
148 1601 239 1652 subita
247 1603 275 1652 in
285 1608 363 1654 tanto
374 1603 467 1655 lucent
476 1605 604 1655 incendio
613 1608 715 1654 monte,
822 1604 872 1653 310

63 1672 114 1724 Fit
123 1671 244 1722 sonitus:
256 1670 352 1739 fugere
363 1670 454 1734 ferae,
467 1672 562 1740 fugere
572 1673 711 1735 volucres3

64 1742 157 1808 Atque
167 1741 223 1790 ime
231 1741 313 1807 longe
324 1742 462 1806 trepident
472 1743 499 1790 in
510 1742 580 1792 valle
590 1743 730 1790 iuvencae.

65 1811 104 1861 At
114 1810 208 1876 Mago,
220 1815 250 1858 ut
259 1810 375 1859 vertisse
385 1809 492 1875 globus,
503 1808 811 1875 primumqueluborem‚

67 1880 123 1941 Qui
133 1878 208 1929 solus
220 1879 294 1944 genti
307 1883 364 1939 est,
376 1892 484 1927 cessum
493 1877 582 1938 videt,
595 1891 671 1926 arma
681 1890 792 1926 suorum

66 1949 107 1998 Ac
115 1949 235 2014 patrium
243 1947 271 1996 in
278 1961 384 2014 pugnes
394 1946 513 2012 equitem
519 1952 609 1997 vocet.
621 1945 745 2013 Undique
750 1947 814 1997 nudi
821 1947 872 1998 315

66 2017 198 2068 Assiliunt
207 2015 306 2078 frenis,
316 2015 499 2082 infrenatique
510 2017 629 2082 manipli.

66 2085 148 2136 Nunc
159 2086 222 2136 itali
230 2087 257 2135 in
268 2092 377 2154 tergum
386 2087 472 2136 versis
482 2084 639 2136 referuntur
649 2084 776 2150 hubenis3

65 2153 149 2207 Nunc
160 2170 254 2206 rursus
266 2157 367 2222 Tyrias
378 2160 454 2207 retro
466 2170 552 2221 pavor
563 2153 655 2206 uvebit
665 2155 735 2207 elus:

66 2225 122 2275 Aut
131 2224 171 2275 illi
182 2225 295 2276 dextros
306 2225 406 2276 lunatio
417 2223 532 2275 flexibus
544 2226 641 2288 orbes3

66 2294 543 2346 Autillileevossinuentincomue
554 2311 653 2364 gyros:
820 2294 871 2344 320

68 2363 183 2414 Texunt
193 2362 298 2414 alterno
310 2364 464 2431 glomerate
473 2365 611 2416 volumina
624 2380 714 2425 cursu,

68 2433 157 2500 Atque
169 2432 266 2483 eedem
276 2433 374 2500 refuge
385 2433 514 2485 cedentes
525 2441 585 2485 erto
595 2434 744 2484 resolvunt.

68 2501 132 2552 llec
143 2506 258 2568 pontum
268 2503 341 2565 rice,
354 2504 400 2552 ubi
412 2509 524 2554 exercet
535 2503 788 2564 discordaremus,

67 2570 136 2623 Fert
141 2571 256 2632 Boreas,
262 2572 406 2639 Eurusque
416 2570 515 2622 refert:
527 2573 680 2639 molemque
687 2571 813 2637 profundi
817 2608 823 2629 ,

67 2639 149 2693 Nunc
159 2639 214 2692 buc
224 2640 345 2704 alterno,
357 2657 428 2691 nune
438 2640 517 2705 illuc,
528 2642 643 2694 flumine
653 2647 781 2710 gestent.
829 2634 890 2681 b‘lb

68 2709 185 2763 Advolat
196 2714 292 2761 aurato
303 2709 486 2785 praefulgens
494 2715 610 2769 murice
621 2713 728 2764 ductos
