1920 2962
219 180 471 233 Punlcoaum
498 182 579 233 LlB.
603 182 664 233 ΧΠ.
748 183 812 242 239

69 300 110 353 ut
121 301 194 351 eires
205 314 324 367 aequare
335 308 441 369 potens,
452 306 598 353 revocetur
607 302 637 352 in
647 316 725 354 arces

70 369 197 420 Tandem
208 367 350 434 Sidoniam
361 377 389 422 et
399 369 474 421 fama
483 369 594 438 fugetur
606 370 640 420 ab
650 371 718 423 urbe

67 438 215 501 Perfidiae,
227 437 385 503 Phoenissa,
396 445 452 490 tua.
482 438 511 490 Si
523 445 601 490 tanta
610 438 693 490 libido
815 441 867 493 too

67 510 213 559 Armorum
223 513 307 572 tenet,
319 516 401 577 atque
412 524 491 561 enses
502 524 557 560 non
567 508 683 560 reddere
692 516 798 576 perstat

67 576 200 629 Poscenti
210 579 330 644 patriam
342 578 379 628 nii
389 578 565 647 suppeditare
575 576 662 629 furori

67 646 189 710 Hortor,
202 652 230 697 et
239 645 308 699 haee
318 647 398 700 fratri
408 649 556 717 Magonem
567 647 642 697 dicta
651 645 763 698 referre.

67 715 153 766 Plura
163 723 353 769 annectentem
365 718 546 784 (nequeenim
558 718 707 767 satiaverat
716 717 771 767 iras

67 784 206 849 Dicendo)
219 786 322 836 elamor
332 785 427 836 turbat
438 787 545 837 diversa
556 786 703 836 volentum.
816 785 868 837 tot

68 850 108 917 Si,
120 852 228 920 Libyae
239 855 332 918 decus,
343 853 417 906 haud
427 854 475 906 ulli
485 855 645 922 superabilis
657 856 748 917 armis,

67 922 207 973 Hannibal
218 929 261 974 est
270 927 328 975 irae
337 924 397 987 tibi,
409 924 588 976 destituemus
600 923 718 990 adipson

66 991 211 1043 Victorem
221 992 327 1045 metas!
337 1008 388 1044 neo
400 1009 481 1061 opum
494 994 650 1045 adiumenta
661 991 796 1043 feremus?

65 1061 173 1113 Invidia
183 1063 261 1113 unius
273 1068 383 1129 sceptra
392 1069 424 1113 ut
432 1065 488 1114 iam
500 1069 580 1129 parta
589 1059 729 1113 retardati

65 1130 133 1181 lude
146 1130 252 1182 alacres
262 1131 393 1193 tribuunt,
406 1146 475 1199 quae
485 1133 547 1183 belli
559 1139 687 1198 posceret
697 1147 775 1180 usus:
814 1129 867 1181 tto

65 1198 234 1265 Absentique
246 1214 323 1250 suum
333 1200 438 1250 iactant
448 1199 497 1250 sub
509 1206 580 1251 teste
591 1199 722 1250 fororem.

64 1266 134 1321 Mox
146 1266 243 1318 eadem
254 1269 335 1319 terris
345 1268 475 1335 placitum
485 1270 629 1321 traducere
640 1269 760 1332 Hiberis,

65 1337 140 1389 Dum
152 1337 240 1388 malus
252 1337 390 1389 obtrectat
401 1337 476 1390 facta
485 1339 651 1390 immortalia
660 1338 737 1402 livor,

65 1405 124 1458 Nee
136 1408 200 1457 sinit
211 1407 318 1459 adiutas
329 1408 450 1460 ductoris
462 1423 585 1461 creseere
597 1408 699 1460 laudes.

314 1633 494 1697 LIBER
536 1632 613 1696 XII.

273 1755 648 1803 naoumanrum

119 1834 174 1877 ism
183 1835 288 1894 Zephyro
300 1835 323 1876 in
333 1843 406 1878 terras
411 1834 477 1889 flatu
486 1835 591 1875 redeunte
602 1837 695 1889 tepenti,

122 1890 200 1935 Hostis
210 1891 368 1946 Parthenopes
378 1893 410 1931 nd
417 1903 492 1932 muros
502 1888 597 1943 agmina
609 1889 676 1932 ducit.

117 1946 203 1991 Irritus
212 1947 264 1991 hinc
275 1946 352 2001 coepti
361 1945 441 1989 Cannas
447 1945 520 2002 petit:
536 1945 587 1988 inde
597 1944 719 2001 profectus

118 2002 199 2047 Marte
209 2003 378 2047 Dicarcirnenm
384 2010 460 2058 parat
468 2001 590 2057 exuberare
600 2003 722 2045 iuventam.

117 2058 178 2102 Hinc
186 2067 264 2103 mouet
272 2062 304 2102 ad
313 2059 426 2115 trepidam
436 2059 489 2102 beili
496 2058 617 2102 molimina
626 2058 722 2102 Nolam.-

118 2115 233 2159 Mnreeiio
243 2119 283 2159 sed
292 2123 339 2158 tum
342 2115 439 2172 fractus
446 2116 564 2172 pruinasque
574 2115 669 2159 recessit.

116 2170 227 2215 sermm
237 2179 260 2215 et
270 2170 356 2215 Sardos
368 2178 457 2215 tutatur
467 2173 496 2214 nb
507 2172 570 2215 iroste
580 2171 672 2228 Libyssa

120 2227 256 2286 Torquatus.
274 2226 372 2269 Miserae
382 2232 461 2271 ardens
472 2228 571 2272 incendit
579 2228 676 2272 Acerras

116 2283 247 2327 timebat.-
263 2283 314 2326 s'nde
325 2290 380 2333 titos,
389 2285 494 2339 peritura
503 2283 594 2336 Petilia,
604 2297 693 2328 muros:

115 2339 149 2383 Es
158 2343 235 2384 demta
242 2340 359 2383 madidum
369 2342 423 2382 luxu
433 2342 496 2396 capis
506 2356 558 2384 arce
567 2341 698 2384 Tarentum.

115 2395 163 2439 Nee
171 2409 218 2438 non
227 2402 251 2440 et
261 2394 363 2451 Omnem
373 2395 430 2439 totis
440 2396 488 2440 iam
497 2397 581 2440 viribus
590 2404 657 2451 urget

116 2452 242 2497 Dardnmrs
253 2453 376 2495 obsessam.-
391 2465 459 2509 quam
469 2467 519 2495 cum
527 2466 628 2494 recreare
636 2452 714 2494 soluta

119 2506 239 2551 Obsidione
247 2508 331 2565 nequit,
343 2508 445 2550 Romam
454 2507 503 2550 neit
511 2520 563 2549 acer
573 2511 606 2549 ad
614 2508 689 2548 altam

119 2564 205 2615 Hostis,
216 2570 242 2607 ut
251 2577 366 2607 armornm
372 2563 444 2620 fracto
452 2569 548 2619 premnt
557 2563 609 2604 orire
618 2561 723 2604 vicissim.

60 2622 125 2706 lam
139 2663 214 2708 terra
222 2657 342 2726 giaeiale
356 2664 452 2730 eaput,
463 2656 649 2727 fecundaque
656 2653 767 2705 n'mn‘dxe

53 2722 202 2793 Tempora,
210 2733 238 2778 et
245 2731 404 2788 austrifero
411 2720 856 2787 nenniosamnerueetromem
