1920 2962
47 128 53 148 ’
149 164 200 217 soa
350 163 380 213 c.
410 158 515 213 srnu
541 158 709 212 rrnn1cr

149 285 211 350 lpse
224 282 293 332 adeo
306 283 378 332 senis
390 280 489 330 ductor
499 277 650 331 Rhoeteius
660 280 720 330 ibat

153 352 289 413 Pulsibus‚
303 358 330 401 et
340 351 430 401 valido
441 349 590 415 superabat
600 349 705 416 remige
715 356 818 400 ventos.

153 423 242 484 Quam
252 420 354 487 rapidis
364 433 482 487 puppem
492 417 617 468 manibus
626 416 739 469 frenare
748 418 851 469 Lilaeus

93 493 144 543 silc
155 492 229 543 Dum
240 494 337 551 tentat,
348 504 431 540 saeva
442 492 585 538 truncatur
593 487 719 537 membra
728 487 840 554 bipenni,

154 564 193 612 Ac
205 559 260 610 fert
272 557 417 609 haerentes
428 557 550 608 trabibus
560 556 629 607 ratis
638 557 726 607 incita
736 557 840 624 palmas

156 628 265 681 Sicania
276 626 406 678 Aeoliden
417 626 566 693 portabant
576 630 699 676 transtra
709 626 858 678 Podaetum.

155 699 222 759 llic,
245 711 312 747 aevo
324 711 478 763 quanquam
495 693 615 747 nondum
630 695 798 814 praesumet
811 691 874 763 ephe

651 778 692 827 os,

158 835 212 887 Seu
222 836 292 886 laevi
303 842 413 884 traxere
424 834 486 896 Dei,
497 848 545 885 seu
556 831 663 884 fervida
674 834 770 897 eorda,

98 906 148 957 195
161 905 231 965 (Nec
242 911 285 956 sat
296 909 419 954 maturus
430 901 552 966 laudum)
562 902 681 970 bellique
695 904 803 971 cupido,

158 977 239 1025 Arma
250 988 318 1039 puer
327 973 412 1022 niveis
425 976 534 1038 aptarat
546 973 620 1037 picto
629 970 753 1035 lacertis,

158 1045 195 1094 Et
206 1041 278 1092 freta
289 1041 427 1108 gaudebat
438 1040 511 1091 celsa
524 1041 635 1091 turbare
647 1040 800 1093 Chimaera.

159 1114 271 1180 lamque
282 1125 363 1177 super
375 1110 483 1173 Rutula,
495 1125 577 1178 super
588 1109 818 1163 etGaramantide
828 1109 876 1177 pm

160 1183 223 1232 lbat
233 1197 326 1243 ovans,
337 1180 434 1231 melior
444 1193 520 1230 remo
531 1179 683 1246 meliorque
693 1182 807 1249 sagitte:

99 1251 150 1301 51111
161 1252 261 1300 Etiam
271 1251 436 1316 turrigerum
448 1249 617 1300 demerserat
634 1263 758 1317 aequore
768 1248 875 1301 aenon:

159 1319 234 1379 (Heu
245 1332 330 1384 puero
342 1317 500 1368 malesuada
510 1318 572 1369 rudi
582 1333 654 1369 nova
664 1319 755 1386 gloria
765 1312 876 1386 pugnaci)

160 1387 232 1436 Dum
245 1387 356 1435 cristam
367 1386 461 1452 galeae
474 1389 559 1438 trucis
570 1389 738 1456 exuviasque
768 1391 864 1439 rec-atur

160 1455 202 1506 De
214 1454 283 1505 duce
294 1455 426 1505 Marcello
440 1453 561 1522 Superos
570 1405 829 1521 temerariuabasta

160 1525 277 1590 Excepit
289 1526 387 1590 raptim
396 1525 492 1576 vulnus
503 1525 585 1576 letale
595 1528 719 1578 remissa.

100 1592 150 1644 5115
161 1594 216 1645 Pro
228 1593 325 1661 qualis!
339 1609 387 1645 seu
398 1594 584 1660 splendentem
595 1595 645 1646 sub
657 1597 751 1648 sidera
761 1598 816 1647 nisu

159 1665 290 1732 Exigeret
302 1663 414 1726 discum,
425 1664 515 1715 iaculo
527 1679 575 1715 seu
586 1665 680 1715 nubila
689 1682 774 1733 supra

161 1733 300 1803 Surgeret,
312 1734 427 1801 aligeras
438 1732 523 1784 ferret
533 1750 582 1785 seu
593 1734 705 1800 pulvere
717 1737 820 1803 plantas

159 1805 214 1856 Vix
225 1810 310 1867 tacto,
321 1804 364 1854 vel
374 1804 488 1854 dimensi
500 1804 590 1870 spatia
599 1805 729 1870 improba
740 1802 823 1870 campi

160 1874 305 1924 Transiret
314 1872 393 1923 velox
404 1873 484 1935 saltu,
495 1872 613 1923 decuere
624 1874 744 1926 labores.

101 1941 151 1990 5111
163 1940 213 1992 Sat
223 1957 343 2006 prorsus,
355 1948 399 1992 sat
408 1948 468 1992 erat
479 1942 586 1993 decoris
599 1943 757 1995 discrimine
767 1948 833 2002 tuto,

160 2009 211 2059 Sat
219 2010 315 2059 laudis.
344 2012 398 2060 Cur
409 2010 476 2074 lata,
486 2026 562 2077 puer,
575 2014 681 2063 maiora
691 2010 821 2079 petebasi

161 2079 245 2140 lllum,
257 2079 302 2128 ubi
312 2078 448 2130 labentem
458 2081 620 2146 pepulerunt
630 2082 688 2133 tela
697 2084 748 2135 sub
759 2081 847 2140 undas,

161 2148 231 2198 Ossa
243 2147 391 2212 Syracosio
402 2149 558 2200 fraudatum
569 2150 705 2220 naufraga
715 2153 805 2214 busto,

160 2217 306 2267 Fleverunt
317 2216 397 2279 freta,
409 2216 542 2270 fleverunt
554 2221 687 2287 Cyclopia
698 2237 776 2284 saxa,

100 2285 150 2336 515
163 2288 199 2337 Et
211 2287 312 2351 Cyane,
324 2290 352 2335 et
363 2288 481 2354 Anapus,
493 2294 521 2339 et
533 2290 648 2357 Ortygie
660 2290 804 2342 Arethusa
861 2340 865 2347 .

160 2358 243 2408 Parte
257 2356 309 2406 alia
320 2356 437 2407 Perseus
450 2359 580 2425 (puppem
592 2357 663 2410 hane
675 2361 822 2412 'liberinus
833 2368 879 2422 age·

632 2429 692 2493 bat)

162 2497 274 2563 Quaque
286 2495 436 2548 vellebatur
449 2498 564 2548 Crantor
578 2497 715 2562 Sidonius,
727 2500 758 2551 lo

157 2568 343 2620 Concurrunt.
369 2566 835 2635 lniectaligautbiucuinculalerri

152 2641 250 2710 Atque
260 2640 355 2704 illinc,
365 2642 563 2703 steteruntque
569 2641 647 2684 rates
653 2635 692 2682 ab
697 2639 881 2698 promanante

78 2712 137 2766 520
151 2713 217 2769 Neo
231 2712 335 2767 iaculo
346 2717 401 2766 aut
409 2710 501 2777 longe
512 2706 635 2757 certatur
645 2700 858 2749 arundiuem.
