1920 2962
131 175 385 230 PUNICORUM
419 178 500 230 LlB.
521 178 582 231 Xll.
680 180 730 235 249

40 303 81 349 etc
94 298 205 349 tandem
215 296 322 348 inustae
334 299 482 349 certamine
493 313 610 367 pugnae,

41 369 124 435 gitur,
136 369 278 435 primoque
290 367 379 418 Deum
391 381 420 417 se
430 381 542 419 munere
554 369 633 420 tollit.

40 452 61 487 :e
77 452 171 488 omnes
189 438 267 504 pigre
281 437 309 486 in
324 437 456 498 Martem,
479 434 639 505 fugiensque
653 438 728 490 lebo-

466 519 536 567 rum,

40 589 65 624 m
75 574 175 625 bellum
187 581 273 636 tonat,
285 579 312 624 et
322 587 382 624 sese
393 572 485 625 iurata
496 576 621 627 iuventus
740 575 793 626 30⁰

40 649 163 710 tpoenes
172 643 307 693 latebram
318 650 386 705 tum,
398 644 443 710 qui
454 643 596 694 dulcedine
605 644 678 696 ritae

41 727 122 762 enere
133 713 220 775 dolos,
229 714 373 778 iurataque
385 711 499 763 loedere
509 713 603 765 Poeno

40 796 153 848 rupere,
166 787 272 844 notant,
283 787 311 831 et
322 787 440 848 purgant
452 783 563 834 crimine
574 789 693 850 gentem.

40 852 106 901 nitur
118 852 234 918 patriam
246 849 370 901 meditati
382 849 503 918 linquere
515 858 618 903 terrem

40 920 138 970 rsilium
148 919 242 979 infelix
254 919 442 986 scelerataque
454 920 533 987 culpa
543 920 656 972 Metelli.
738 920 791 970 3⁰5

40 991 71 1040 iu
82 989 166 1039 corda
175 990 271 1038 virdm.
301 986 355 1039 Sed
367 990 439 1039 enim
449 1004 499 1040 nec
511 988 612 1041 femina
623 995 715 1042 cesset

40 1063 83 1108 nte
94 1072 213 1125 aequare
223 1059 311 1120 viros,
323 1063 351 1108 et
360 1057 448 1109 laudis
459 1073 574 1125 poscere
584 1064 700 1126 purtem.

42 1130 93 1190 nis,
107 1143 171 1192 prce
183 1142 243 1178 sese
255 1132 368 1192 portans
379 1128 531 1194 cupitisque
541 1143 691 1195 munusque

40 1200 135 1264 iquurn
146 1195 230 1246 decus
242 1209 275 1246 ac
286 1195 400 1260 derepta
410 1197 522 1247 uronilia
533 1197 613 1259 collo,

42 1266 122 1316 tatim
134 1270 261 1315 matrone
271 1265 334 1326 ruit,
345 1263 472 1331 belloque
483 1267 646 1317 ministrant.
738 1265 792 1317 31⁰
826 1272 829 1277 '

40 1335 71 1386 ud
85 1340 164 1384 tante
175 1335 277 1386 eecisse
289 1335 362 1384 viros
370 1335 399 1384 in
410 1343 534 1401 tempore
544 1335 593 1386 tuli

40 1405 92 1455 rdis
104 1411 179 1455 sorte
191 1405 280 1472 piget3
292 1402 421 1471 luctuque
433 1405 460 1454 in
470 1405 564 1471 seculu
575 1405 648 1457 ituro

40 1480 142 1524 etuntur
152 1473 279 1524 tribuisse
291 1473 390 1524 lucum.
420 1475 492 1524 'l'um
505 1475 579 1526 celse
591 1472 709 1526 Senatus

40 1545 169 1610 »sequitur
180 1543 269 1594 turba.
293 1544 323 1593 ln
336 1543 453 1593 medium
466 1545 616 1595 certamine
629 1557 728 1610 magno

40 1617 117 1664 ratae
130 1612 302 1662 cumulantur
313 1627 388 1677 opes.
417 1612 528 1664 Nudare
538 1620 662 1678 penates,
737 1611 788 1662 315

40 1679 102 1733 nihil
114 1696 231 1733 arcanos
241 1683 314 1732 ritae
326 1681 446 1732 melioris
458 1682 492 1731 ud
503 1698 568 1732 usus

40 1752 149 1802 ›osuisse
160 1752 244 1801 iuvat.
278 1751 341 1800 Coit
352 1758 379 1800 et
389 1751 447 1800 sine
459 1751 567 1800 nomine
579 1749 684 1816 vulgus.

40 1835 111 1887 ¹pore
122 1821 161 1871 sic
173 1824 235 1870 toto
247 1833 280 1869 ac
291 1817 420 1868 membris
431 1818 520 1869 Roma
532 1818 657 1869 omnibus
667 1833 727 1880 use,

40 1905 149 1958 langues
160 1904 255 1940 rursus
265 1888 381 1940 tollebat
392 1887 424 1937 ad
438 1884 552 1939 aethera
562 1886 661 1938 vultus.

40 1959 98 2010 lunt
108 1974 183 2025 spem
196 1959 301 2010 miseris
313 1957 420 2009 dulcem
432 1957 564 2009 Parnasia
575 1955 672 2008 Cirrha
739 1956 793 2006 32⁰

40 2034 137 2081 tentes
149 2043 282 2095 responsa
292 2029 351 2078 riri.
381 2026 450 2078 Nem
461 2028 536 2079 laeta
546 2027 671 2079 ferebant

40 2097 143 2149 sudisse
155 2097 255 2164 adytis,
268 2112 421 2148 saetacum
432 2112 501 2148 voce
512 2103 623 2148 tonaret

40 2182 111 2230 rum,
124 2173 152 2216 et
164 2164 399 2233 mugiretPhoebc
410 2168 464 2218 iam
476 2169 578 2218 intrata
590 2165 728 2217 sacerdos.

40 2237 102 2298 rite,
114 2251 181 2304 gens
193 2235 318 2295 Veneris,
330 2238 470 2302 graviores
482 2236 566 2288 corde
576 2237 702 2286 timores:

40 2320 119 2367 rersu,
131 2311 159 2356 et
170 2303 299 2372 quidquid
312 2303 372 2355 duri
383 2306 433 2357 sub
443 2307 535 2357 Marte
546 2304 685 2366 manebat,
738 2301 789 2353 325

40 2380 161 2426 reustum
173 2371 310 2425 estrcbis.
338 2373 454 2426 Restant
463 2375 568 2425 leviora
578 2373 712 2433 laborum,

40 2445 96 2495 nine
108 2445 229 2510 pernicie
241 2449 340 2493 terror.
361 2443 411 2494 Dis
420 2451 487 2494 vute
498 2455 648 2508 precesque

40 2520 73 2564 te
84 2513 177 2576 modo,
189 2518 217 2563 et
227 2511 336 2579 tepidos
348 2513 402 2562 nris
412 2512 496 2562 libate
507 2525 627 2563 cruores.

40 2599 51 2633 r
62 2582 127 2633 dute
138 2588 217 2650 terge
228 2581 316 2632 malis.
345 2581 443 2634 Aderit
452 2579 726 2644 erudimentum
777 2630 842 2679 m

40 2654 83 2703 ius
93 2657 202 2703 erertct
212 2653 352 2723 propiora
364 2653 498 2724 pericula
506 2658 608 2714 nutes,

40 2721 117 2770 iunos
127 2727 214 2776 notus
225 2739 345 2798 semper
356 2729 506 2784 minuisse
512 2725 655 2779 luentes.
