1920 2962
113 174 359 229 PUNlGORUM
386 174 467 226 LlB.
496 175 544 227 lX.
652 177 701 227 191

43 311 75 347 uo
82 333 90 360 ,
98 296 171 346 inter
180 296 285 357 vanas,
295 295 432 357 Fortuna,
442 295 569 362 utrinque
580 297 701 347 virorum

43 371 104 416 nata
113 367 201 426 vicos,
210 364 316 415 incerto
329 363 450 415 eluserat
458 364 514 415 iras
708 362 759 416 855

43 441 78 497 tu,
91 433 234 501 mediaque
245 433 290 483 diu
301 433 437 498 pendente
449 447 499 499 per
509 434 602 485 umbus

43 509 134 566 entes,
147 501 258 569 paribus
268 502 380 553 Mavors
390 500 527 569 flagrabat
536 504 564 553 in
575 504 665 553 armis.

55 587 106 623 ceu
116 572 216 622 virides
228 571 334 638 agitent
345 586 405 622 cum
416 569 527 621 flamina
538 571 651 634 culmos,

43 657 87 692 um
98 647 220 691 maturas
231 640 346 705 impellit
357 646 453 691 ventus
464 642 573 703 aristas,

43 717 123 778 atque
139 708 192 760 buc
206 711 229 760 it
250 724 355 760 summa
376 725 469 777 seges,
490 716 642 777 nutansque
661 710 699 759 n·-

291 820 294 825 .
438 780 529 829 cissirn
708 776 760 827 360

44 865 71 899 ro
82 849 155 899 lente
166 853 244 898 motu
255 848 399 897 incurvata
409 848 529 898 nitescit.

44 934 85 969 em
96 917 248 969 barbaricis
259 915 427 982 perfractam
438 917 540 968 viribus
551 917 609 968 acri

44 997 83 1052 iat
92 990 234 1038 incurrens
245 987 331 1037 aciem
344 986 463 1038 clamore
475 985 604 1037 Nealces:

44 1058 60 1107 ti
71 1058 160 1119 cunei,
171 1071 274 1122 perque
284 1056 429 1106 intervalla
439 1058 539 1107 citatus

44 1130 60 1176 lt
69 1126 183 1191 trepidis
195 1123 290 1175 bostis.
327 1125 398 1175 Tum
407 1125 516 1175 turbine
527 1127 605 1192 nigro
705 1121 756 1172 365

44 1196 104 1245 rinis
116 1193 236 1244 exundat
245 1199 366 1243 torrens:
378 1193 532 1260 nullumque
546 1193 595 1243 sub
606 1207 660 1243 une

44 1264 78 1313 de
89 1262 245 1330 procumbit
255 1277 362 1329 corpus.
399 1262 472 1313 Dum
484 1262 597 1314 vulnera
607 1267 686 1329 tergo

44 1349 82 1384 :or
93 1334 171 1383 timet
181 1333 324 1393 Ausonius,
335 1346 384 1398 per
393 1339 509 1398 pectora
520 1346 617 1384 saevas

44 1408 97 1468 atat
107 1409 220 1463 mortes,
232 1407 260 1452 et
269 1401 325 1452 leto
338 1401 456 1453 dedecus
467 1409 552 1453 arcet.

44 1479 59 1522 ,t
70 1488 132 1523 cum
144 1473 237 1538 primis
247 1471 354 1521 mediae
366 1474 516 1523 certamine
528 1486 644 1540 pugnae,
707 1469 757 1519 370

44 1559 63 1593 a
74 1557 181 1608 semper
192 1555 299 1603 amans,
313 1546 341 1591 et
350 1556 401 1607 par
412 1543 563 1609 cuicunque
574 1539 686 1608 periclo,

44 1612 106 1674 'ola3
119 1626 169 1662 nec
180 1617 258 1662 tanta
270 1610 353 1660 vitum
363 1611 418 1660 iam
430 1616 522 1678 strage
533 1610 653 1669 volebat,

45 1682 136 1748 ignum
148 1695 251 1746 proavo
262 1679 357 1740 letum,
368 1680 698 1730 etsubnominemortem.

44 1757 143 1817 nquam
154 1749 243 1816 frangi
254 1763 312 1808 res,
325 1754 407 1814 etque
418 1762 566 1813 augescere
577 1746 645 1796 vidit

44 1836 89 1881 rm,
101 1819 197 1869 Brevis
209 1816 262 1867 boc
274 1818 356 1876 vites,
369 1815 550 1882 quodcunque
561 1815 695 1873 relictum,
708 1813 758 1865 375

44 1890 156 1949 rdamus,
167 1888 219 1937 ait:
230 1901 292 1936 nam
302 1886 387 1935 virtus
397 1883 475 1934 futile
485 1899 594 1947 nomen,

44 1959 101 2010 cori
114 1964 158 2008 set
169 1959 222 2007 sint
233 1954 364 2022 pariendo
375 1959 503 2020 tempora
513 1954 569 2004 leti.

45 2046 50 2077 :
63 2035 91 2078 et
101 2029 128 2077 in
139 2026 253 2087 medios,
265 2039 319 2092 qua
329 2025 444 2074 dextera
455 2025 565 2075 concito
575 2022 661 2074 Poeni

45 2113 89 2148 ‘em
102 2098 167 2164 agit,
179 2102 258 2145 vesto
271 2095 402 2146 connixus
413 2093 521 2144 turbine
532 2093 628 2144 fertur.

45 2166 211 2217 xsultantem
225 2164 352 2225 Caralim,
364 2169 447 2230 atque
459 2162 696 2229 ereptavolentem
709 2159 760 2209 380

47 2251 77 2286 re
90 2234 200 2286 excelso
213 2234 285 2283 caesi
298 2234 451 2301 gestamina
462 2239 569 2294 trunco,

45 2304 126 2364 subit,
139 2303 290 2368 capuloque
300 2308 380 2353 tenus
391 2301 493 2353 ferrum
505 2301 612 2368 impulit
622 2301 673 2349 ira.

45 2382 87 2425 tur
97 2373 142 2423 ille
153 2387 243 2431 ruens,
255 2378 336 2437 atqua
349 2387 415 2423 arva
425 2369 537 2422 hostilia
546 2384 641 2420 morsu

45 2445 79 2503 it,
92 2449 120 2494 ot
129 2441 225 2492 mortis
238 2443 335 2506 premit
344 2441 371 2490 in
383 2441 481 2491 tellure
492 2438 610 2490 dolores.

45 2513 133 2563 labari
146 2508 316 2576 Sicchaeque
328 2510 415 2559 virum
426 2516 541 2561 tenuere
552 2507 677 2558 menies
709 2504 762 2555 aab

45 2582 96 2633 ›rdi
108 2583 209 2633 virtute
220 2595 332 2647 neonus3
343 2577 395 2632 soll
404 2579 533 2649 perdidit
540 2593 623 2639 acer,

45 2658 102 2715 rtet,
116 2652 240 2706 decisam
255 2651 355 2708 Gabar
365 2652 444 2708 inter
455 2651 574 2724 proclia
583 2649 734 2700 nexum·

45 2720 94 2774 clia
107 2725 259 2796 auxilium,
269 2742 382 2802 magno
392 2726 543 2783 turbante
552 2718 679 2774 dolore„
