1920 2962
160 117 194 165 80
354 114 382 163 C.
409 111 513 163 SlLll
540 110 698 165 l'l'ALlGl

160 232 301 295 Sidonius,
314 234 439 298 circaque
451 232 551 293 Metus,
563 233 734 298 Terrorque,
744 232 899 303 Furorque.

158 304 238 369 lsque
248 301 294 352 ubi
306 300 417 352 Callaici
426 300 578 352 radiantem
587 301 714 368 tegminis
725 302 825 353 orbem

158 371 276 432 Extulit,
288 376 317 421 et
326 386 424 438 magno
436 371 571 436 percussit
580 370 679 421 lumine
691 385 818 437 campos,

99 440 149 490 330
161 439 230 506 Spes
244 441 384 506 virtusque
405 439 519 500 cadunt,
540 437 701 556 trepidaqplre
718 453 735 489 a
749 446 847 495 mente
860 456 901 493 re·

631 522 663 557 ce
683 509 705 557 11

160 580 275 630 Vertere
286 584 365 645 terga
376 575 477 642 pudor:
488 591 538 627 nec
548 576 594 627 leti
608 591 675 626 cura
686 577 792 640 decori,

159 647 213 699 Sed
225 648 320 715 fugere
336 647 448 697 infixum
460 652 515 708 est,
537 651 681 712 terraeque
698 652 834 713 optantur
845 646 899 701 lila-

630 722 683 764 tus.

158 786 218 849 Sic,
231 787 276 837 ubi
288 785 427 837 Caucasiis
437 786 515 852 tigris
525 799 554 836 se
567 783 682 851 protulit
692 784 792 850 aratris,

157 856 330 923 Linquuntur
341 855 444 919 canapi,
455 860 484 904 et
494 858 569 904 tutas
578 855 648 919 petit
660 867 739 903 omne
750 852 876 907 latebra·

98 925 148 976 335
159 924 311 973 Turbatam
321 925 416 973 insano
427 923 504 971 vultu
514 936 611 988 pecus:
622 922 668 972 illo
676 928 806 988 pererrat

159 993 291 1042 Desertae
303 992 403 1040 victrix
413 990 512 1041 vallest
523 991 631 1058 iamque
644 1005 693 1041 ora
704 991 824 1045 reducto

159 1061 296 1111 Paulatim
308 1059 395 1109 nudat
404 1059 475 1109 rictu
482 1095 490 1121 ,
502 1064 533 1109 ut
542 1061 699 1126 praesentia
708 1061 846 1113 arandens

159 1133 295 1198 Corpora,
309 1142 337 1180 et
346 1129 457 1179 immani
468 1134 589 1196 stragem
601 1129 749 1181 meditatur
762 1126 851 1183 hiatu.

158 1200 218 1250 Non
231 1201 306 1249 illum
316 1198 458 1260 Metabus,
469 1213 522 1248 non
533 1199 609 1249 illum
621 1198 720 1250 celsior
730 1198 818 1251 Ufens

99 1267 150 1318 3411
161 1270 281 1319 Evasere
292 1273 398 1330 tamen3
411 1269 532 1333 quamvis
542 1266 586 1318 hic
598 1268 661 1318 alite
672 1267 776 1333 planta,

159 1339 213 1388 llic
225 1353 277 1403 ope
289 1335 443 1401 cornipedis
455 1337 520 1387 totis
531 1336 651 1389 ferretur
661 1335 785 1389 habenis.

160 1407 228 1456 Nam
240 1405 381 1456 Metabum
393 1405 427 1455 ad
440 1421 533 1457 manes
542 1407 651 1459 demisit
661 1406 774 1472 cuspide
791 1406 896 1477 fulgeat

159 1477 301 1536 Fraxinus,
315 1474 441 1525 Ufentem
453 1476 601 1542 collapsum
613 1475 716 1543 poplite
728 1491 813 1529 caeso

159 1547 239 1596 Ensis
251 1545 322 1607 obit,
334 1545 495 1611 laudemque
507 1546 607 1612 pedum
620 1561 680 1596 cum
691 1548 826 1612 sanguiue
837 1546 892 1617 adt-

633 1616 690 1664 mit.

99 1684 149 1734 345
161 1686 271 1752 lamque
283 1685 357 1735 dedit
368 1686 423 1735 leto
436 1682 592 1746 Sthenium,
603 1684 794 1750 Laurumque,
806 1685 886 1737 domo
919 1708 922 1717 ·

634 1768 686 1820 que

161 1825 294 1874 Collinum
305 1825 408 1891 gelida,
419 1825 508 1875 111000
520 1838 597 1890 quem
609 1823 728 1873 Fucinus
739 1829 822 1873 antro

160 1893 315 1953 Nutrierat,
328 1894 495 1957 dederatque
505 1893 595 1942 lacum
606 1892 760 1941 tramittere
772 1890 872 1943 nando.

160 1963 205 2010 Fit
216 1961 307 2010 socius
318 1961 365 2009 leti
376 1962 501 2010 coniecta
512 1961 647 2010 Massicus
658 1957 746 2021 hasta,

160 2028 268 2080 Vitiferi
280 2043 359 2078 sacro
371 2035 517 2094 generatus
527 2031 630 2079 vertice
641 2030 750 2090 montis,

100 2096 150 2146 3511
161 2099 197 2146 Et
206 2097 279 2146 Liris
291 2099 408 2147 nutritus
420 2099 509 2164 aquis,
522 2100 566 2163 qui
577 2097 654 2148 10010
667 2099 759 2165 quicto

159 2165 320 2215 Dissimulet
331 2181 440 2216 cursum
451 2204 458 2228 ,
470 2182 516 2228 ac,
527 2167 600 2218 nullo
612 2167 748 2217 mutabilis
756 2168 848 2231 imbri,

159 2235 322 2301 l'erstringit
333 2236 432 2285 tacitas
442 2239 588 2302 gemmanti
601 2239 708 2304 gurgite
720 2237 804 2303 ripas.

162 2305 291 2354 Exoritur
301 2303 391 2354 rabies
405 2305 533 2369 caedum,
546 2323 578 2358 oo
590 2305 701 2357 1111010
712 2304 799 2356 furori

159 2371 315 2434 Sufficiunt,
327 2375 535 2426 10111011000110
554 2375 716 2426 umbonibus
726 2375 821 2439 narbo,

99 2440 148 2490 355
161 2441 265 2506 pesque
276 2442 373 2507 pedem
386 2447 492 2510 premit,
505 2452 533 2496 et
542 2451 669 2497 nutantes
681 2445 789 2496 casside
799 2446 896 2497 cristae

161 2510 294 2561 Hostilem
305 2515 421 2565 tremulo
433 2515 542 2581 pulsant
554 2517 696 2566 conamine
707 2514 839 2567 frontem.

159 2580 313 2646 Tergemini
325 2586 439 2649 primam
447 2590 509 2634 ante
518 2583 670 2635 0010101000
680 2584 787 2651 proelia
798 2584 896 2637 11011111

146 2648 320 2718 Miscebant,
334 2670 404 2723 quos
415 2653 530 2706 Ledaeo
540 2652 654 2705 Sidonia
660 2653 750 2703 Barce
