<?xml version="1.0" encoding="UTF-8"?>
<!DOCTYPE html PUBLIC "-//W3C//DTD XHTML 1.0 Transitional//EN"
    "http://www.w3.org/TR/xhtml1/DTD/xhtml1-transitional.dtd">
<html xmlns="http://www.w3.org/1999/xhtml" xml:lang="en" lang="en">
 <head>
  <title>
</title>
<meta http-equiv="Content-Type" content="text/html;charset=utf-8" />
  <meta name='ocr-system' content='tesseract 3.04.00' />
  <meta name='ocr-capabilities' content='ocr_page ocr_carea ocr_par ocr_line ocrx_word'/>
</head>
<body>
  <div class='ocr_page' id='page_1' title='image "./punicorumlibrix00italgoog/punicorumlibrix00italgoog_0201.png"; bbox 0 0 1920 2962; ppageno 0'>
   <div class='ocr_carea' id='block_1_1' title="bbox 225 183 804 243">
    <p class='ocr_par' dir='ltr' id='par_1_1' title="bbox 225 183 804 243">
     <span class='ocr_line' id='line_1_1' title="bbox 225 183 804 243; baseline 0.014 -8"><span class='ocrx_word' id='word_1_1' title='bbox 225 183 478 238; x_wconf 82' lang='lat' dir='ltr'><strong>PUNlGORUM</strong></span> <span class='ocrx_word' id='word_1_2' title='bbox 506 186 586 237; x_wconf 88' lang='lat' dir='ltr'><strong>LlB.</strong></span> <span class='ocrx_word' id='word_1_3' title='bbox 610 187 657 238; x_wconf 88' lang='lat' dir='ltr'><strong>lX.</strong></span> <span class='ocrx_word' id='word_1_4' title='bbox 755 191 804 243; x_wconf 80' lang='lat' dir='ltr'><strong>lot</strong></span> 
     </span>
    </p>
   </div>
   <div class='ocr_carea' id='block_1_2' title="bbox 49 303 888 2737">
    <p class='ocr_par' dir='ltr' id='par_1_2' title="bbox 64 303 678 373">
     <span class='ocr_line' id='line_1_2' title="bbox 64 303 678 373; baseline 0.003 -17"><span class='ocrx_word' id='word_1_5' title='bbox 64 304 189 373; x_wconf 82' lang='lat' dir='ltr'><strong>ingentis</strong></span> <span class='ocrx_word' id='word_1_6' title='bbox 200 303 290 369; x_wconf 81' lang='lat' dir='ltr'>clypei</span> <span class='ocrx_word' id='word_1_7' title='bbox 301 305 405 355; x_wconf 80' lang='lat' dir='ltr'><strong>tonitru</strong></span> <span class='ocrx_word' id='word_1_8' title='bbox 416 307 592 371; x_wconf 80' lang='lat' dir='ltr'><strong>praenuntiat</strong></span> <span class='ocrx_word' id='word_1_9' title='bbox 601 307 678 358; x_wconf 84' lang='lat' dir='ltr'><strong>iram</strong></span> 
     </span>
    </p>

    <p class='ocr_par' dir='ltr' id='par_1_3' title="bbox 64 371 709 440">
     <span class='ocr_line' id='line_1_3' title="bbox 64 371 709 440; baseline 0.005 -15"><span class='ocrx_word' id='word_1_10' title='bbox 64 375 132 425; x_wconf 86' lang='lat' dir='ltr'><strong>Heu</strong></span> <span class='ocrx_word' id='word_1_11' title='bbox 141 371 237 423; x_wconf 78' lang='lat' dir='ltr'><strong>ndser!</strong></span> <span class='ocrx_word' id='word_1_12' title='bbox 249 388 281 424; x_wconf 89' lang='lat' dir='ltr'><strong>ae</strong></span> <span class='ocrx_word' id='word_1_13' title='bbox 301 374 360 425; x_wconf 83' lang='lat' dir='ltr'><strong>uari</strong></span> <span class='ocrx_word' id='word_1_14' title='bbox 372 375 486 440; x_wconf 89' lang='lat' dir='ltr'><strong>potuisti</strong></span> <span class='ocrx_word' id='word_1_15' title='bbox 497 374 593 426; x_wconf 74' lang='lat' dir='ltr'><strong>limera</strong></span> <span class='ocrx_word' id='word_1_16' title='bbox 604 375 709 440; x_wconf 78' lang='lat' dir='ltr'>Paullo,</span> 
     </span>
    </p>

    <p class='ocr_par' dir='ltr' id='par_1_4' title="bbox 65 389 864 510">
     <span class='ocr_line' id='line_1_4' title="bbox 65 389 864 510; baseline 0.008 -15"><span class='ocrx_word' id='word_1_17' title='bbox 65 442 159 495; x_wconf 85' lang='lat' dir='ltr'><strong>Sitibi</strong></span> <span class='ocrx_word' id='word_1_18' title='bbox 168 457 224 493; x_wconf 94' lang='lat' dir='ltr'><strong>non</strong></span> <span class='ocrx_word' id='word_1_19' title='bbox 232 443 275 494; x_wconf 90' lang='lat' dir='ltr'><strong>ira</strong></span> <span class='ocrx_word' id='word_1_20' title='bbox 284 389 419 510; x_wconf 51' lang='lat' dir='ltr'><strong>{operum</strong></span> <span class='ocrx_word' id='word_1_21' title='bbox 429 449 494 495; x_wconf 76' lang='lat' dir='ltr'><strong>mne</strong></span> <span class='ocrx_word' id='word_1_22' title='bbox 506 450 580 496; x_wconf 86' lang='lat' dir='ltr'><strong>esset</strong></span> <span class='ocrx_word' id='word_1_23' title='bbox 589 445 728 497; x_wconf 90' lang='lat' dir='ltr'><strong>ademtnm</strong></span> <span class='ocrx_word' id='word_1_24' title='bbox 813 446 864 501; x_wconf 73' lang='lat'><strong>4²5</strong></span> 
     </span>
    </p>

    <p class='ocr_par' dir='ltr' id='par_1_5' title="bbox 64 511 804 584">
     <span class='ocr_line' id='line_1_5' title="bbox 64 511 804 584; baseline 0.005 -20"><span class='ocrx_word' id='word_1_25' title='bbox 64 511 228 565; x_wconf 71' lang='lat' dir='ltr'><strong>Hannibalis</strong></span> <span class='ocrx_word' id='word_1_26' title='bbox 240 512 370 564; x_wconf 85' lang='lat' dir='ltr'><strong>cecidisse</strong></span> <span class='ocrx_word' id='word_1_27' title='bbox 381 529 471 564; x_wconf 88' lang='lat' dir='ltr'><strong>manu.</strong></span> <span class='ocrx_word' id='word_1_28' title='bbox 489 514 578 575; x_wconf 69' lang='lat' dir='ltr'><strong>Quam</strong></span> <span class='ocrx_word' id='word_1_29' title='bbox 587 529 670 581; x_wconf 89' lang='lat' dir='ltr'><strong>saepe</strong></span> <span class='ocrx_word' id='word_1_30' title='bbox 681 528 804 584; x_wconf 84' lang='lat' dir='ltr'><strong>querere,</strong></span> 
     </span>
    </p>

    <p class='ocr_par' dir='ltr' id='par_1_6' title="bbox 65 580 764 651">
     <span class='ocr_line' id='line_1_6' title="bbox 65 580 764 651; baseline -0.001 -16"><span class='ocrx_word' id='word_1_31' title='bbox 65 582 168 645; x_wconf 89' lang='lat' dir='ltr'><strong>Varro,</strong></span> <span class='ocrx_word' id='word_1_32' title='bbox 179 581 255 645; x_wconf 85' lang='lat' dir='ltr'><strong>Deis,</strong></span> <span class='ocrx_word' id='word_1_33' title='bbox 266 583 339 650; x_wconf 89' lang='lat' dir='ltr'><strong>quod</strong></span> <span class='ocrx_word' id='word_1_34' title='bbox 350 580 492 633; x_wconf 88' lang='lat' dir='ltr'><strong>Sidonium</strong></span> <span class='ocrx_word' id='word_1_35' title='bbox 502 582 640 651; x_wconf 82' lang='lat' dir='ltr'><strong>defugeris</strong></span> <span class='ocrx_word' id='word_1_36' title='bbox 652 583 764 636; x_wconf 78' lang='lat' dir='ltr'><strong>enseml</strong></span> 
     </span>
    </p>

    <p class='ocr_par' dir='ltr' id='par_1_7' title="bbox 64 651 770 718">
     <span class='ocr_line' id='line_1_7' title="bbox 64 651 770 718; baseline 0.001 -15"><span class='ocrx_word' id='word_1_37' title='bbox 64 651 147 713; x_wconf 89' lang='lat' dir='ltr'><strong>Nam,</strong></span> <span class='ocrx_word' id='word_1_38' title='bbox 158 651 255 717; x_wconf 89' lang='lat' dir='ltr'><strong>rapido</strong></span> <span class='ocrx_word' id='word_1_39' title='bbox 265 652 383 703; x_wconf 85' lang='lat' dir='ltr'><strong>subitam</strong></span> <span class='ocrx_word' id='word_1_40' title='bbox 393 659 507 718; x_wconf 88' lang='lat' dir='ltr'><strong>portans</strong></span> <span class='ocrx_word' id='word_1_41' title='bbox 517 653 546 702; x_wconf 89' lang='lat' dir='ltr'><strong>in</strong></span> <span class='ocrx_word' id='word_1_42' title='bbox 555 660 644 705; x_wconf 86' lang='lat' dir='ltr'><strong>morte</strong></span> <span class='ocrx_word' id='word_1_43' title='bbox 654 655 770 706; x_wconf 86' lang='lat' dir='ltr'><strong>salutem</strong></span> 
     </span>
    </p>

    <p class='ocr_par' dir='ltr' id='par_1_8' title="bbox 63 721 704 789">
     <span class='ocr_line' id='line_1_8' title="bbox 63 721 704 789; baseline 0.003 -16"><span class='ocrx_word' id='word_1_44' title='bbox 63 721 215 783; x_wconf 88' lang='lat' dir='ltr'><strong>Procursu,</strong></span> <span class='ocrx_word' id='word_1_45' title='bbox 229 728 329 789; x_wconf 87' lang='lat' dir='ltr'><strong>coepta</strong></span> <span class='ocrx_word' id='word_1_46' title='bbox 338 722 367 771; x_wconf 91' lang='lat' dir='ltr'><strong>in</strong></span> <span class='ocrx_word' id='word_1_47' title='bbox 379 736 440 773; x_wconf 87' lang='lat' dir='ltr'><strong>sese</strong></span> <span class='ocrx_word' id='word_1_48' title='bbox 453 721 609 775; x_wconf 87' lang='lat' dir='ltr'><strong>discrimina</strong></span> <span class='ocrx_word' id='word_1_49' title='bbox 619 725 704 775; x_wconf 80' lang='lat' dir='ltr'><strong>vertit</strong></span> 
     </span>
    </p>

    <p class='ocr_par' dir='ltr' id='par_1_9' title="bbox 64 788 863 927">
     <span class='ocr_line' id='line_1_9' title="bbox 64 788 802 862; baseline 0.005 -20"><span class='ocrx_word' id='word_1_50' title='bbox 64 788 171 857; x_wconf 84' lang='lat' dir='ltr'><strong>Scipio.</strong></span> <span class='ocrx_word' id='word_1_51' title='bbox 205 789 264 841; x_wconf 88' lang='lat' dir='ltr'><strong>Nec</strong></span> <span class='ocrx_word' id='word_1_52' title='bbox 284 790 409 842; x_wconf 83' lang='lat' dir='ltr'><strong>Poenum</strong></span> <span class='ocrx_word' id='word_1_53' title='bbox 429 792 606 859; x_wconf 85' lang='lat' dir='ltr'><strong>(quanquam</strong></span> <span class='ocrx_word' id='word_1_54' title='bbox 627 799 669 844; x_wconf 90' lang='lat' dir='ltr'><strong>est</strong></span> <span class='ocrx_word' id='word_1_55' title='bbox 691 799 802 862; x_wconf 88' lang='lat' dir='ltr'><strong>ereptus</strong></span> 
     </span>
     <span class='ocr_line' id='line_1_10' title="bbox 543 863 863 927; baseline 0.013 -16"><span class='ocrx_word' id='word_1_56' title='bbox 543 863 650 927; x_wconf 83' lang='lat' dir='ltr'><strong>opimae</strong></span> <span class='ocrx_word' id='word_1_57' title='bbox 812 865 863 915; x_wconf 82' lang='lat'><strong>43⁰</strong></span> 
     </span>
    </p>

    <p class='ocr_par' dir='ltr' id='par_1_10' title="bbox 66 927 760 997">
     <span class='ocr_line' id='line_1_11' title="bbox 66 927 760 997; baseline 0.004 -16"><span class='ocrx_word' id='word_1_58' title='bbox 66 929 167 981; x_wconf 78' lang='lat' dir='ltr'><strong>Caedis</strong></span> <span class='ocrx_word' id='word_1_59' title='bbox 177 927 276 994; x_wconf 86' lang='lat' dir='ltr'><strong>honor)</strong></span> <span class='ocrx_word' id='word_1_60' title='bbox 287 935 408 981; x_wconf 86' lang='lat' dir='ltr'><strong>mutasse</strong></span> <span class='ocrx_word' id='word_1_61' title='bbox 419 930 495 997; x_wconf 84' lang='lat' dir='ltr'><strong>piget</strong></span> <span class='ocrx_word' id='word_1_62' title='bbox 505 932 610 982; x_wconf 90' lang='lat' dir='ltr'><strong>maiore</strong></span> <span class='ocrx_word' id='word_1_63' title='bbox 621 931 670 983; x_wconf 89' lang='lat' dir='ltr'><strong>snb</strong></span> <span class='ocrx_word' id='word_1_64' title='bbox 681 930 760 984; x_wconf 87' lang='lat' dir='ltr'><strong>hoste</strong></span> 
     </span>
    </p>

    <p class='ocr_par' dir='ltr' id='par_1_11' title="bbox 63 998 694 1067">
     <span class='ocr_line' id='line_1_12' title="bbox 63 998 694 1067; baseline 0.002 -16"><span class='ocrx_word' id='word_1_65' title='bbox 63 999 186 1062; x_wconf 87' lang='lat' dir='ltr'><strong>Proelia,</strong></span> <span class='ocrx_word' id='word_1_66' title='bbox 197 1005 226 1050; x_wconf 91' lang='lat' dir='ltr'><strong>ot</strong></span> <span class='ocrx_word' id='word_1_67' title='bbox 237 1000 324 1066; x_wconf 87' lang='lat' dir='ltr'><strong>erepti</strong></span> <span class='ocrx_word' id='word_1_68' title='bbox 335 1000 433 1050; x_wconf 79' lang='lat' dir='ltr'><strong>&#39;licina</strong></span> <span class='ocrx_word' id='word_1_69' title='bbox 443 1000 478 1050; x_wconf 89' lang='lat' dir='ltr'><strong>ad</strong></span> <span class='ocrx_word' id='word_1_70' title='bbox 488 998 600 1051; x_wconf 85' lang='lat' dir='ltr'><strong>flumina</strong></span> <span class='ocrx_word' id='word_1_71' title='bbox 609 1002 694 1067; x_wconf 88' lang='lat' dir='ltr'><strong>patris</strong></span> 
     </span>
    </p>

    <p class='ocr_par' dir='ltr' id='par_1_12' title="bbox 49 1065 698 1137">
     <span class='ocr_line' id='line_1_13' title="bbox 49 1065 698 1137; baseline 0 -16"><span class='ocrx_word' id='word_1_72' title='bbox 49 1065 185 1137; x_wconf 76' lang='lat' dir='ltr'><strong>&#39;Exigere</strong></span> <span class='ocrx_word' id='word_1_73' title='bbox 197 1068 289 1120; x_wconf 88' lang='lat' dir='ltr'><strong>oblato</strong></span> <span class='ocrx_word' id='word_1_74' title='bbox 300 1069 412 1120; x_wconf 88' lang='lat' dir='ltr'><strong>tandem</strong></span> <span class='ocrx_word' id='word_1_75' title='bbox 426 1071 575 1121; x_wconf 79' lang='lat' dir='ltr'><strong>certamine</strong></span> <span class='ocrx_word' id='word_1_76' title='bbox 586 1085 698 1136; x_wconf 77' lang='lat' dir='ltr'><strong>poenas</strong></span> 
     </span>
    </p>

    <p class='ocr_par' dir='ltr' id='par_1_13' title="bbox 64 1136 609 1201">
     <span class='ocr_line' id='line_1_14' title="bbox 64 1136 609 1201; baseline 0 -12"><span class='ocrx_word' id='word_1_77' title='bbox 64 1136 185 1190; x_wconf 85' lang='lat' dir='ltr'><strong>Stabant</strong></span> <span class='ocrx_word' id='word_1_78' title='bbox 195 1138 288 1189; x_wconf 81' lang='lat' dir='ltr'><strong>educti</strong></span> <span class='ocrx_word' id='word_1_79' title='bbox 298 1138 412 1189; x_wconf 79' lang='lat' dir='ltr'><strong>diversis</strong></span> <span class='ocrx_word' id='word_1_80' title='bbox 424 1139 497 1188; x_wconf 89' lang='lat' dir='ltr'><strong>orbis</strong></span> <span class='ocrx_word' id='word_1_81' title='bbox 506 1139 535 1189; x_wconf 89' lang='lat' dir='ltr'><strong>in</strong></span> <span class='ocrx_word' id='word_1_82' title='bbox 545 1140 609 1201; x_wconf 89' lang='lat' dir='ltr'><strong>oris,</strong></span> 
     </span>
    </p>

    <p class='ocr_par' dir='ltr' id='par_1_14' title="bbox 64 1205 861 1269">
     <span class='ocr_line' id='line_1_15' title="bbox 64 1205 861 1269; baseline 0.003 -11"><span class='ocrx_word' id='word_1_83' title='bbox 64 1208 192 1269; x_wconf 73' lang='lat' dir='ltr'><strong>Quantos</strong></span> <span class='ocrx_word' id='word_1_84' title='bbox 203 1221 257 1256; x_wconf 92' lang='lat' dir='ltr'><strong>non</strong></span> <span class='ocrx_word' id='word_1_85' title='bbox 270 1205 323 1257; x_wconf 92' lang='lat' dir='ltr'><strong>alio</strong></span> <span class='ocrx_word' id='word_1_86' title='bbox 334 1207 402 1256; x_wconf 84' lang='lat' dir='ltr'><strong>vidit</strong></span> <span class='ocrx_word' id='word_1_87' title='bbox 412 1221 575 1258; x_wconf 87' lang='lat' dir='ltr'><strong>concurrere</strong></span> <span class='ocrx_word' id='word_1_88' title='bbox 587 1207 666 1259; x_wconf 88' lang='lat' dir='ltr'><strong>tellus</strong></span> <span class='ocrx_word' id='word_1_89' title='bbox 811 1210 861 1261; x_wconf 81' lang='lat'><strong>435</strong></span> 
     </span>
    </p>

    <p class='ocr_par' dir='ltr' id='par_1_15' title="bbox 63 1275 771 1343">
     <span class='ocr_line' id='line_1_16' title="bbox 63 1275 771 1343; baseline 0.003 -15"><span class='ocrx_word' id='word_1_90' title='bbox 63 1278 164 1338; x_wconf 82' lang='lat' dir='ltr'><strong>Marte,</strong></span> <span class='ocrx_word' id='word_1_91' title='bbox 176 1277 235 1339; x_wconf 83' lang='lat' dir='ltr'><strong>viri,</strong></span> <span class='ocrx_word' id='word_1_92' title='bbox 247 1275 398 1343; x_wconf 80' lang='lat' dir='ltr'><strong>dextraque</strong></span> <span class='ocrx_word' id='word_1_93' title='bbox 409 1290 498 1342; x_wconf 86' lang='lat' dir='ltr'><strong>pares,</strong></span> <span class='ocrx_word' id='word_1_94' title='bbox 509 1277 558 1327; x_wconf 86' lang='lat' dir='ltr'><strong>sed</strong></span> <span class='ocrx_word' id='word_1_95' title='bbox 568 1282 662 1328; x_wconf 89' lang='lat' dir='ltr'><strong>cetera</strong></span> <span class='ocrx_word' id='word_1_96' title='bbox 673 1277 771 1330; x_wconf 89' lang='lat' dir='ltr'><strong>ductor</strong></span> 
     </span>
    </p>

    <p class='ocr_par' dir='ltr' id='par_1_16' title="bbox 63 1345 660 1415">
     <span class='ocr_line' id='line_1_17' title="bbox 63 1345 660 1415; baseline -0.002 -17"><span class='ocrx_word' id='word_1_97' title='bbox 63 1346 194 1398; x_wconf 75' lang='lat' dir='ltr'><strong>Anteibat</strong></span> <span class='ocrx_word' id='word_1_98' title='bbox 203 1345 310 1407; x_wconf 87' lang='lat' dir='ltr'><strong>Latius,</strong></span> <span class='ocrx_word' id='word_1_99' title='bbox 322 1345 419 1396; x_wconf 85' lang='lat' dir='ltr'><strong>melior</strong></span> <span class='ocrx_word' id='word_1_100' title='bbox 429 1347 533 1412; x_wconf 88' lang='lat' dir='ltr'><strong>pietate</strong></span> <span class='ocrx_word' id='word_1_101' title='bbox 544 1346 660 1415; x_wconf 82' lang='lat' dir='ltr'><strong>fideque.</strong></span> 
     </span>
    </p>

    <p class='ocr_par' dir='ltr' id='par_1_17' title="bbox 62 1415 653 1483">
     <span class='ocr_line' id='line_1_18' title="bbox 62 1415 653 1483; baseline 0.002 -17"><span class='ocrx_word' id='word_1_102' title='bbox 62 1415 208 1467; x_wconf 79' lang='lat' dir='ltr'><strong>Desiluere</strong></span> <span class='ocrx_word' id='word_1_103' title='bbox 220 1430 288 1467; x_wconf 83' lang='lat' dir='ltr'><strong>cava</strong></span> <span class='ocrx_word' id='word_1_104' title='bbox 298 1416 403 1466; x_wconf 87' lang='lat' dir='ltr'><strong>turbati</strong></span> <span class='ocrx_word' id='word_1_105' title='bbox 413 1416 446 1465; x_wconf 88' lang='lat' dir='ltr'><strong>ad</strong></span> <span class='ocrx_word' id='word_1_106' title='bbox 458 1416 563 1483; x_wconf 88' lang='lat' dir='ltr'><strong>proelia</strong></span> <span class='ocrx_word' id='word_1_107' title='bbox 572 1417 653 1478; x_wconf 88' lang='lat' dir='ltr'><strong>nube,</strong></span> 
     </span>
    </p>

    <p class='ocr_par' dir='ltr' id='par_1_18' title="bbox 62 1482 731 1552">
     <span class='ocr_line' id='line_1_19' title="bbox 62 1482 731 1552; baseline 0 -15"><span class='ocrx_word' id='word_1_108' title='bbox 62 1485 176 1537; x_wconf 79' lang='lat' dir='ltr'><strong>Mavors</strong></span> <span class='ocrx_word' id='word_1_109' title='bbox 187 1482 331 1552; x_wconf 87' lang='lat' dir='ltr'><strong>Scipiadae</strong></span> <span class='ocrx_word' id='word_1_110' title='bbox 341 1490 474 1549; x_wconf 73' lang='lat' dir='ltr'><strong>motilena,</strong></span> <span class='ocrx_word' id='word_1_111' title='bbox 487 1487 614 1537; x_wconf 82' lang='lat' dir='ltr'><strong>Tritonia</strong></span> <span class='ocrx_word' id='word_1_112' title='bbox 623 1486 731 1550; x_wconf 90' lang='lat' dir='ltr'><strong>Poeno;</strong></span> 
     </span>
    </p>

    <p class='ocr_par' dir='ltr' id='par_1_19' title="bbox 61 1554 861 1622">
     <span class='ocr_line' id='line_1_20' title="bbox 61 1554 861 1622; baseline -0.001 -16"><span class='ocrx_word' id='word_1_113' title='bbox 61 1554 242 1622; x_wconf 78' lang='lat' dir='ltr'><strong>Adventuque</strong></span> <span class='ocrx_word' id='word_1_114' title='bbox 254 1555 352 1617; x_wconf 81' lang='lat' dir='ltr'><strong>Deum,</strong></span> <span class='ocrx_word' id='word_1_115' title='bbox 361 1556 505 1621; x_wconf 85' lang='lat' dir='ltr'><strong>intrepidis</strong></span> <span class='ocrx_word' id='word_1_116' title='bbox 517 1556 685 1616; x_wconf 85' lang='lat' dir='ltr'><strong>ductoribus,</strong></span> <span class='ocrx_word' id='word_1_117' title='bbox 698 1557 794 1607; x_wconf 85' lang='lat' dir='ltr'><strong>ambae</strong></span> <span class='ocrx_word' id='word_1_118' title='bbox 809 1556 861 1607; x_wconf 76' lang='lat' dir='ltr'><strong>llo</strong></span> 
     </span>
    </p>

    <p class='ocr_par' dir='ltr' id='par_1_20' title="bbox 63 1624 752 1692">
     <span class='ocr_line' id='line_1_21' title="bbox 63 1624 752 1692; baseline 0 -16"><span class='ocrx_word' id='word_1_119' title='bbox 63 1626 261 1677; x_wconf 75' lang='lat' dir='ltr'><strong>Contremuere</strong></span> <span class='ocrx_word' id='word_1_120' title='bbox 272 1625 355 1675; x_wconf 83' lang='lat' dir='ltr'><strong>acies.</strong></span> <span class='ocrx_word' id='word_1_121' title='bbox 390 1626 464 1688; x_wconf 82' lang='lat' dir='ltr'><strong>Ater,</strong></span> <span class='ocrx_word' id='word_1_122' title='bbox 477 1641 531 1692; x_wconf 87' lang='lat' dir='ltr'><strong>qua</strong></span> <span class='ocrx_word' id='word_1_123' title='bbox 541 1631 655 1691; x_wconf 81' lang='lat' dir='ltr'><strong>pectora</strong></span> <span class='ocrx_word' id='word_1_124' title='bbox 665 1624 752 1676; x_wconf 77' lang='lat' dir='ltr'><strong>flectit</strong></span> 
     </span>
    </p>

    <p class='ocr_par' dir='ltr' id='par_1_21' title="bbox 62 1693 685 1761">
     <span class='ocr_line' id='line_1_22' title="bbox 62 1693 685 1761; baseline -0.002 -16"><span class='ocrx_word' id='word_1_125' title='bbox 62 1693 168 1756; x_wconf 85' lang='lat' dir='ltr'><strong>Pallas,</strong></span> <span class='ocrx_word' id='word_1_126' title='bbox 182 1693 330 1761; x_wconf 82' lang='lat' dir='ltr'><strong>Gorgoneo</strong></span> <span class='ocrx_word' id='word_1_127' title='bbox 342 1693 397 1745; x_wconf 88' lang='lat' dir='ltr'><strong>late</strong></span> <span class='ocrx_word' id='word_1_128' title='bbox 408 1696 492 1744; x_wconf 86' lang='lat' dir='ltr'><strong>micat</strong></span> <span class='ocrx_word' id='word_1_129' title='bbox 503 1695 572 1760; x_wconf 82' lang='lat' dir='ltr'><strong>ignis</strong></span> <span class='ocrx_word' id='word_1_130' title='bbox 583 1694 616 1743; x_wconf 89' lang='lat' dir='ltr'><strong>ab</strong></span> <span class='ocrx_word' id='word_1_131' title='bbox 629 1708 685 1755; x_wconf 87' lang='lat' dir='ltr'><strong>ore,</strong></span> 
     </span>
    </p>

    <p class='ocr_par' dir='ltr' id='par_1_22' title="bbox 62 1760 743 1830">
     <span class='ocr_line' id='line_1_23' title="bbox 62 1760 743 1830; baseline -0.006 -16"><span class='ocrx_word' id='word_1_132' title='bbox 62 1760 201 1830; x_wconf 83' lang='lat' dir='ltr'><strong>Sibilaque</strong></span> <span class='ocrx_word' id='word_1_133' title='bbox 213 1761 348 1814; x_wconf 83' lang='lat' dir='ltr'><strong>horrificis</strong></span> <span class='ocrx_word' id='word_1_134' title='bbox 359 1769 470 1829; x_wconf 88' lang='lat' dir='ltr'><strong>torquet</strong></span> <span class='ocrx_word' id='word_1_135' title='bbox 480 1761 651 1826; x_wconf 88' lang='lat' dir='ltr'><strong>serpentibus</strong></span> <span class='ocrx_word' id='word_1_136' title='bbox 662 1776 743 1828; x_wconf 70' lang='lat' dir='ltr'><strong>aegis„</strong></span> 
     </span>
    </p>

    <p class='ocr_par' dir='ltr' id='par_1_23' title="bbox 60 1831 743 1901">
     <span class='ocr_line' id='line_1_24' title="bbox 60 1831 743 1901; baseline -0.007 -16"><span class='ocrx_word' id='word_1_137' title='bbox 60 1832 181 1901; x_wconf 76' lang='lat' dir='ltr'><strong>Fulgent</strong></span> <span class='ocrx_word' id='word_1_138' title='bbox 189 1834 338 1901; x_wconf 73' lang='lat' dir='ltr'><strong>sanguinei,</strong></span> <span class='ocrx_word' id='word_1_139' title='bbox 349 1832 487 1899; x_wconf 86' lang='lat' dir='ltr'><strong>geminum</strong></span> <span class='ocrx_word' id='word_1_140' title='bbox 496 1831 604 1881; x_wconf 75' lang='lat' dir='ltr'><strong>vibrare</strong></span> <span class='ocrx_word' id='word_1_141' title='bbox 617 1836 743 1881; x_wconf 88' lang='lat' dir='ltr'><strong>cometen</strong></span> 
     </span>
    </p>

    <p class='ocr_par' dir='ltr' id='par_1_24' title="bbox 61 1899 859 1968">
     <span class='ocr_line' id='line_1_25' title="bbox 61 1899 859 1968; baseline -0.006 -13"><span class='ocrx_word' id='word_1_142' title='bbox 61 1903 99 1955; x_wconf 89' lang='lat' dir='ltr'><strong>Ut</strong></span> <span class='ocrx_word' id='word_1_143' title='bbox 108 1901 216 1965; x_wconf 86' lang='lat' dir='ltr'><strong>credas,</strong></span> <span class='ocrx_word' id='word_1_144' title='bbox 229 1903 313 1954; x_wconf 88' lang='lat' dir='ltr'><strong>oculi:</strong></span> <span class='ocrx_word' id='word_1_145' title='bbox 325 1915 484 1968; x_wconf 88' lang='lat' dir='ltr'><strong>summaque</strong></span> <span class='ocrx_word' id='word_1_146' title='bbox 495 1901 523 1950; x_wconf 91' lang='lat' dir='ltr'><strong>in</strong></span> <span class='ocrx_word' id='word_1_147' title='bbox 535 1899 641 1950; x_wconf 86' lang='lat' dir='ltr'><strong>casside</strong></span> <span class='ocrx_word' id='word_1_148' title='bbox 652 1899 743 1968; x_wconf 79' lang='lat' dir='ltr'><strong>largus</strong></span> <span class='ocrx_word' id='word_1_149' title='bbox 808 1902 859 1953; x_wconf 78' lang='lat'><strong>445</strong></span> 
     </span>
    </p>

    <p class='ocr_par' dir='ltr' id='par_1_25' title="bbox 60 1969 696 2023">
     <span class='ocr_line' id='line_1_26' title="bbox 60 1969 696 2023; baseline -0.008 0"><span class='ocrx_word' id='word_1_150' title='bbox 60 1971 202 2023; x_wconf 83' lang='lat' dir='ltr'><strong>lindantes</strong></span> <span class='ocrx_word' id='word_1_151' title='bbox 215 1972 299 2023; x_wconf 79' lang='lat' dir='ltr'><strong>volvit</strong></span> <span class='ocrx_word' id='word_1_152' title='bbox 308 1971 432 2022; x_wconf 86' lang='lat' dir='ltr'><strong>flammas</strong></span> <span class='ocrx_word' id='word_1_153' title='bbox 445 1970 480 2020; x_wconf 87' lang='lat' dir='ltr'><strong>ad</strong></span> <span class='ocrx_word' id='word_1_154' title='bbox 491 1969 583 2021; x_wconf 87' lang='lat' dir='ltr'><strong>sidera</strong></span> <span class='ocrx_word' id='word_1_155' title='bbox 593 1975 696 2020; x_wconf 82' lang='lat' dir='ltr'><strong>vertex.</strong></span> 
     </span>
    </p>

    <p class='ocr_par' dir='ltr' id='par_1_26' title="bbox 60 2040 641 2107">
     <span class='ocr_line' id='line_1_27' title="bbox 60 2040 641 2107; baseline 0 -16"><span class='ocrx_word' id='word_1_156' title='bbox 60 2042 95 2093; x_wconf 82' lang='lat' dir='ltr'><strong>nt</strong></span> <span class='ocrx_word' id='word_1_157' title='bbox 104 2041 227 2104; x_wconf 78' lang='lat' dir='ltr'><strong>Mavors,</strong></span> <span class='ocrx_word' id='word_1_158' title='bbox 238 2047 315 2092; x_wconf 88' lang='lat' dir='ltr'><strong>moto</strong></span> <span class='ocrx_word' id='word_1_159' title='bbox 326 2041 491 2107; x_wconf 87' lang='lat' dir='ltr'><strong>proturbans</strong></span> <span class='ocrx_word' id='word_1_160' title='bbox 502 2054 567 2090; x_wconf 86' lang='lat' dir='ltr'><strong>aera</strong></span> <span class='ocrx_word' id='word_1_161' title='bbox 577 2040 641 2103; x_wconf 91' lang='lat' dir='ltr'><strong>telo,</strong></span> 
     </span>
    </p>

    <p class='ocr_par' dir='ltr' id='par_1_27' title="bbox 60 2110 800 2177">
     <span class='ocr_line' id='line_1_28' title="bbox 60 2110 800 2177; baseline -0.001 -16"><span class='ocrx_word' id='word_1_162' title='bbox 60 2110 98 2161; x_wconf 81' lang='lat' dir='ltr'><strong>Et</strong></span> <span class='ocrx_word' id='word_1_163' title='bbox 109 2110 210 2177; x_wconf 84' lang='lat' dir='ltr'><strong>clypeo</strong></span> <span class='ocrx_word' id='word_1_164' title='bbox 221 2126 347 2177; x_wconf 90' lang='lat' dir='ltr'><strong>campum</strong></span> <span class='ocrx_word' id='word_1_165' title='bbox 357 2111 506 2172; x_wconf 82' lang='lat' dir='ltr'><strong>involvens,</strong></span> <span class='ocrx_word' id='word_1_166' title='bbox 518 2110 639 2160; x_wconf 77' lang='lat' dir='ltr'><strong>Aetnaea</strong></span> <span class='ocrx_word' id='word_1_167' title='bbox 650 2110 800 2177; x_wconf 80' lang='lat' dir='ltr'><strong>Cyclopum</strong></span> 
     </span>
    </p>

    <p class='ocr_par' dir='ltr' id='par_1_28' title="bbox 60 2178 715 2247">
     <span class='ocr_line' id='line_1_29' title="bbox 60 2178 715 2247; baseline -0.002 -16"><span class='ocrx_word' id='word_1_168' title='bbox 60 2178 177 2232; x_wconf 83' lang='lat' dir='ltr'><strong>Munere</strong></span> <span class='ocrx_word' id='word_1_169' title='bbox 186 2178 345 2231; x_wconf 83' lang='lat' dir='ltr'><strong>fundentem</strong></span> <span class='ocrx_word' id='word_1_170' title='bbox 355 2179 469 2230; x_wconf 84' lang='lat' dir='ltr'><strong>loricam</strong></span> <span class='ocrx_word' id='word_1_171' title='bbox 479 2179 605 2231; x_wconf 86' lang='lat' dir='ltr'><strong>incendia</strong></span> <span class='ocrx_word' id='word_1_172' title='bbox 616 2186 715 2247; x_wconf 83' lang='lat' dir='ltr'><strong>gestat,</strong></span> 
     </span>
    </p>

    <p class='ocr_par' dir='ltr' id='par_1_29' title="bbox 59 2247 860 2318">
     <span class='ocr_line' id='line_1_30' title="bbox 59 2247 860 2318; baseline 0 -18"><span class='ocrx_word' id='word_1_173' title='bbox 59 2248 200 2318; x_wconf 77' lang='lat' dir='ltr'><strong>depulsat</strong></span> <span class='ocrx_word' id='word_1_174' title='bbox 210 2248 285 2301; x_wconf 82' lang='lat' dir='ltr'><strong>lulra</strong></span> <span class='ocrx_word' id='word_1_175' title='bbox 296 2264 463 2316; x_wconf 79' lang='lat' dir='ltr'><strong>consurgens</strong></span> <span class='ocrx_word' id='word_1_176' title='bbox 474 2247 588 2300; x_wconf 85' lang='lat' dir='ltr'><strong>aethera</strong></span> <span class='ocrx_word' id='word_1_177' title='bbox 598 2251 690 2300; x_wconf 83' lang='lat' dir='ltr'><strong>crista.</strong></span> <span class='ocrx_word' id='word_1_178' title='bbox 808 2250 860 2300; x_wconf 79' lang='lat'><strong>45⁰</strong></span> 
     </span>
    </p>

    <p class='ocr_par' dir='ltr' id='par_1_30' title="bbox 59 2318 760 2387">
     <span class='ocr_line' id='line_1_31' title="bbox 59 2318 760 2387; baseline -0.001 -18"><span class='ocrx_word' id='word_1_179' title='bbox 59 2318 199 2371; x_wconf 73' lang='lat' dir='ltr'><strong>Ductores</strong></span> <span class='ocrx_word' id='word_1_180' title='bbox 210 2333 318 2387; x_wconf 83' lang='lat' dir='ltr'><strong>pugnae</strong></span> <span class='ocrx_word' id='word_1_181' title='bbox 329 2319 435 2381; x_wconf 85' lang='lat' dir='ltr'><strong>intenti,</strong></span> <span class='ocrx_word' id='word_1_182' title='bbox 447 2325 630 2386; x_wconf 86' lang='lat' dir='ltr'><strong>quantumque</strong></span> <span class='ocrx_word' id='word_1_183' title='bbox 641 2320 760 2369; x_wconf 66' lang='lat' dir='ltr'><strong>sicusim</strong></span> 
     </span>
    </p>

    <p class='ocr_par' dir='ltr' id='par_1_31' title="bbox 59 2387 785 2455">
     <span class='ocr_line' id='line_1_32' title="bbox 59 2387 785 2455; baseline -0.004 -17"><span class='ocrx_word' id='word_1_184' title='bbox 59 2388 168 2441; x_wconf 78' lang='lat' dir='ltr'><strong>Astdere</strong></span> <span class='ocrx_word' id='word_1_185' title='bbox 179 2394 231 2451; x_wconf 86' lang='lat' dir='ltr'><strong>est,</strong></span> <span class='ocrx_word' id='word_1_186' title='bbox 244 2390 356 2455; x_wconf 87' lang='lat' dir='ltr'><strong>propius</strong></span> <span class='ocrx_word' id='word_1_187' title='bbox 367 2389 462 2450; x_wconf 84' lang='lat' dir='ltr'><strong>mensi,</strong></span> <span class='ocrx_word' id='word_1_188' title='bbox 474 2397 565 2438; x_wconf 87' lang='lat' dir='ltr'><strong>tamen</strong></span> <span class='ocrx_word' id='word_1_189' title='bbox 576 2404 652 2439; x_wconf 83' lang='lat' dir='ltr'><strong>arma</strong></span> <span class='ocrx_word' id='word_1_190' title='bbox 663 2387 785 2438; x_wconf 79' lang='lat' dir='ltr'><strong>ferentes</strong></span> 
     </span>
    </p>

    <p class='ocr_par' dir='ltr' id='par_1_32' title="bbox 60 2454 702 2524">
     <span class='ocr_line' id='line_1_33' title="bbox 60 2454 702 2524; baseline -0.003 -16"><span class='ocrx_word' id='word_1_191' title='bbox 60 2454 180 2511; x_wconf 81' lang='lat' dir='ltr'><strong>Sensere</strong></span> <span class='ocrx_word' id='word_1_192' title='bbox 192 2457 335 2509; x_wconf 80' lang='lat' dir='ltr'><strong>advenisse</strong></span> <span class='ocrx_word' id='word_1_193' title='bbox 344 2457 429 2519; x_wconf 88' lang='lat' dir='ltr'><strong>Deos,</strong></span> <span class='ocrx_word' id='word_1_194' title='bbox 442 2463 479 2519; x_wconf 85' lang='lat' dir='ltr'><strong>et,</strong></span> <span class='ocrx_word' id='word_1_195' title='bbox 489 2457 578 2509; x_wconf 86' lang='lat' dir='ltr'><strong>laetus</strong></span> <span class='ocrx_word' id='word_1_196' title='bbox 588 2465 702 2524; x_wconf 86' lang='lat' dir='ltr'><strong>uterque</strong></span> 
     </span>
    </p>

    <p class='ocr_par' dir='ltr' id='par_1_33' title="bbox 60 2524 691 2596">
     <span class='ocr_line' id='line_1_34' title="bbox 60 2524 691 2596; baseline -0.003 -18"><span class='ocrx_word' id='word_1_197' title='bbox 60 2524 189 2596; x_wconf 82' lang='lat' dir='ltr'><strong>Spectari</strong></span> <span class='ocrx_word' id='word_1_198' title='bbox 200 2525 321 2594; x_wconf 80' lang='lat' dir='ltr'><strong>Superis,</strong></span> <span class='ocrx_word' id='word_1_199' title='bbox 334 2525 472 2578; x_wconf 88' lang='lat' dir='ltr'><strong>addebant</strong></span> <span class='ocrx_word' id='word_1_200' title='bbox 480 2526 616 2578; x_wconf 85' lang='lat' dir='ltr'><strong>mentibus</strong></span> <span class='ocrx_word' id='word_1_201' title='bbox 625 2527 691 2578; x_wconf 84' lang='lat' dir='ltr'><strong>iras.</strong></span> 
     </span>
    </p>

    <p class='ocr_par' dir='ltr' id='par_1_34' title="bbox 60 2590 888 2667">
     <span class='ocr_line' id='line_1_35' title="bbox 60 2590 888 2667; baseline -0.002 -20"><span class='ocrx_word' id='word_1_202' title='bbox 60 2596 174 2664; x_wconf 91' lang='lat' dir='ltr'><strong>lamque</strong></span> <span class='ocrx_word' id='word_1_203' title='bbox 185 2598 243 2647; x_wconf 85' lang='lat' dir='ltr'><strong>ictu</strong></span> <span class='ocrx_word' id='word_1_204' title='bbox 254 2597 343 2649; x_wconf 79' lang='lat' dir='ltr'><strong>ralido</strong></span> <span class='ocrx_word' id='word_1_205' title='bbox 355 2596 486 2649; x_wconf 81' lang='lat' dir='ltr'><strong>libratam</strong></span> <span class='ocrx_word' id='word_1_206' title='bbox 498 2611 517 2649; x_wconf 89' lang='lat' dir='ltr'><strong>a</strong></span> <span class='ocrx_word' id='word_1_207' title='bbox 526 2596 754 2667; x_wconf 67' lang='lat' dir='ltr'><strong>pectorcDoeni</strong></span> <span class='ocrx_word' id='word_1_208' title='bbox 829 2590 888 2641; x_wconf 63' lang='lat' dir='ltr'><strong>’abb</strong></span> 
     </span>
    </p>

    <p class='ocr_par' dir='ltr' id='par_1_35' title="bbox 53 2664 773 2737">
     <span class='ocr_line' id='line_1_36' title="bbox 53 2664 773 2737; baseline 0.008 -24"><span class='ocrx_word' id='word_1_209' title='bbox 53 2664 183 2716; x_wconf 80' lang='lat' dir='ltr'><strong>Pallnsln</strong></span> <span class='ocrx_word' id='word_1_210' title='bbox 195 2665 336 2737; x_wconf 86' lang='lat' dir='ltr'><strong>obliquum</strong></span> <span class='ocrx_word' id='word_1_211' title='bbox 347 2670 451 2724; x_wconf 84' lang='lat' dir='ltr'><strong>dextra</strong></span> <span class='ocrx_word' id='word_1_212' title='bbox 461 2668 773 2726; x_wconf 76' lang='lat' dir='ltr'><strong>detorseratbastam.</strong></span> 
     </span>
    </p>
   </div>
   <div class='ocr_carea' id='block_1_3' title="bbox 43 2730 752 2865">
    <p class='ocr_par' dir='ltr' id='par_1_36' title="bbox 43 2730 752 2865">
     <span class='ocr_line' id='line_1_37' title="bbox 43 2730 727 2816; baseline 0.016 -33"><span class='ocrx_word' id='word_1_213' title='bbox 43 2730 84 2780; x_wconf 82' lang='lat' dir='ltr'><strong>ll&#39;t</strong></span> <span class='ocrx_word' id='word_1_214' title='bbox 93 2730 243 2801; x_wconf 68' lang='lat' dir='ltr'><strong>Gradivus,</strong></span> <span class='ocrx_word' id='word_1_215' title='bbox 256 2754 344 2810; x_wconf 80' lang='lat' dir='ltr'><strong>opem</strong></span> <span class='ocrx_word' id='word_1_216' title='bbox 358 2743 454 2799; x_wconf 82' lang='lat' dir='ltr'><strong>Divae</strong></span> <span class='ocrx_word' id='word_1_217' title='bbox 467 2752 596 2816; x_wconf 80' lang='lat' dir='ltr'><strong>portare</strong></span> <span class='ocrx_word' id='word_1_218' title='bbox 605 2744 727 2799; x_wconf 78' lang='lat' dir='ltr'><strong>lenonis</strong></span> 
     </span>
     <span class='ocr_line' id='line_1_38' title="bbox 67 2796 752 2865; baseline 0.035 -16"><span class='ocrx_word' id='word_1_219' title='bbox 67 2796 202 2855; x_wconf 74' lang='lat' dir='ltr'><strong>Status</strong></span> <span class='ocrx_word' id='word_1_220' title='bbox 219 2807 236 2859; x_wconf 89' lang='lat'>1</span> <span class='ocrx_word' id='word_1_221' title='bbox 242 2810 325 2865; x_wconf 63' lang='lat' dir='ltr'><strong>ran)</strong></span> <span class='ocrx_word' id='word_1_222' title='bbox 718 2805 752 2860; x_wconf 54' lang='lat' dir='ltr'>N</span> 
     </span>
    </p>
   </div>
   <div class='ocr_carea' id='block_1_4' title="bbox 0 0 964 2962">
    <p class='ocr_par' dir='ltr' id='par_1_37' title="bbox 0 0 964 2962">
     <span class='ocr_line' id='line_1_39' title="bbox 0 0 964 2962; baseline 0 1"><span class='ocrx_word' id='word_1_223' title='bbox 0 0 964 2962; x_wconf 95' lang='lat' dir='ltr'><strong> </strong></span> 
     </span>
    </p>
   </div>
  </div>
 </body>
</html>
