1920 2962
151 183 201 235 me
350 180 379 230 c.
409 175 513 229 suar
531 173 709 248 ¹rraurcr

90 303 141 353 485
153 303 309 352 Decrevere
320 298 399 350 simul
410 295 598 349 communibus
609 308 690 349 urere
701 292 826 349 flammis.

151 373 185 422 rit
196 375 278 438 gente
290 371 319 419 in
329 365 462 433 Scythica
472 366 572 417 suffixa
583 364 722 417 cadavera
731 368 835 419 truncia

151 440 243 491 Lenta
253 438 311 490 dies
322 437 427 504 sepelit,
439 436 513 503 putri
521 435 654 502 liquentia
663 434 739 486 tabo.

153 509 234 560 Talia
245 509 310 560 dum
319 511 480 567 memorant,
491 506 589 556 umbra
598 506 727 556 veniente
739 502 862 572 sibyllae,

153 581 287 640 Autonoe,
298 577 394 628 Finem
404 574 458 638 hic,
468 576 564 643 inquit,
576 574 750 625 sermonibus
761 573 830 625 adde

91 650 142 701 49⁰
154 648 280 699 Alternis.
309 647 397 709 Haec,
408 643 478 697 haec
490 645 547 695 reri
557 642 677 695 fecunda
687 642 830 695 sacerdon:

152 720 201 769 Cui
211 721 318 768 tantum
330 716 418 783 patuit
428 729 528 778 rerum,
540 718 671 780 quantum
681 714 742 779 ipae
751 714 851 781 negarit

151 788 216 839 Plus
228 787 336 837 novisse
347 785 431 836 Deus.
460 783 506 835 Me
517 783 572 833 iam
583 783 735 835 comitante
744 788 847 835 tuorum

154 858 275 923 Tempus
288 855 363 906 abire
373 854 472 922 globo,
491 859 519 904 et
529 851 649 919 pecudeo
655 852 802 933 imponere
815 850 866 903 nn·

625 936 685 972 nus.

151 997 186 1044 At
196 993 311 1062 gravida
321 993 428 1043 arcanis
439 993 538 1058 Cymes
550 1006 617 1042 anus
628 990 726 1058 attigit
734 1006 783 1044 oro

91 1065 142 1115 495
153 1065 304 1131 Postquam
316 1061 480 1124 sacrificum,
491 1060 674 1128 delibauitque
685 1075 820 1125 cruorem,

152 1135 184 1187 ln
195 1133 279 1185 decus
291 1132 419 1200 egregiae
429 1130 519 1182 vultus
529 1132 635 1181 intenta
645 1129 785 1196 iuventae,

152 1201 289 1254 Aetherea
299 1201 406 1253 fruerer
418 1215 480 1253 cum
488 1200 559 1262 luce,
571 1197 644 1250 baud
656 1201 788 1268 segniter,
796 1199 873 1269 inquii,

153 1274 274 1338 Cymaeo
285 1271 393 1337 populis
403 1285 458 1322 vox
467 1276 563 1322 nostra
572 1269 692 1321 sonabat
701 1271 731 1322 in
741 1277 825 1323 antro.

152 1342 232 1391 Tunc
241 1346 270 1389 te
282 1340 447 1405 permixtum
458 1339 538 1391 seclia
549 1340 631 1391 rebus
650 1354 686 1391 ue
697 1338 797 1393 futuris

93 1411 142 1462 500
153 1408 311 1460 Aeneadum
322 1408 417 1459 cecini.
448 1407 503 1460 Sed
512 1425 567 1461 non
580 1414 624 1460 eat
654 1410 718 1477 'gna
727 1424 841 1463 mearum

152 1479 224 1530 cura
235 1479 289 1529 tuis
299 1493 408 1529 vocum.
435 1477 493 1530 Nec
505 1481 577 1530 euim
588 1479 753 1547 conquirere
764 1480 840 1542 dcto,
882 1542 885 1547 ⁵

151 1549 205 1599 Aut
214 1561 324 1599 servare
335 1546 388 1599 fuit
398 1550 508 1616 proavis
519 1549 642 1601 sollertia
653 1551 762 1601 ventrio.

151 1617 255 1669 Verum
274 1632 339 1686 ege,
362 1618 452 1680 disce,
473 1633 554 1685 puer,
573 1618 703 1739 ((Ῑιιιιιάιῖ)
724 1628 872 1688 cognom

627 1703 676 1739 cor
696 1690 774 1753 ieet)

150 1758 209 1809 lam
219 1765 281 1821 tua,
293 1758 381 1825 deque
392 1758 446 1808 tuis
456 1757 603 1825 pendentia
613 1758 747 1810 Dardana
757 1758 825 1811 fatie.

92 1824 142 1875 505
154 1827 279 1896 Namque
290 1828 340 1879 tibi
352 1842 434 1878 cerno
445 1831 622 1894 properatum
633 1828 748 1879 oracula
759 1830 828 1880 ritae

150 1897 224 1947 Hinc
253 1904 338 1958 etere‚
350 1903 378 1947 et
388 1898 493 1963 patrios
504 1898 563 1947 risu
574 1898 736 1965 contingere
748 1912 843 1951 manen.

150 1913 284 2014 Armislero
296 1967 384 2015 victor
395 1972 500 2030 patrem
511 1966 650 2018 ulcisceris
661 1967 778 2030 Hibero,

150 2032 275 2084 Creditus
288 2040 350 2083 ante
361 2049 446 2085 annos
457 2036 549 2098 Marti,
560 2035 689 2103 ferroque
700 2038 820 2089 resolves

151 2101 259 2153 Gaudia
271 2102 435 2166 Poenorum,
449 2111 477 2154 et
486 2107 598 2156 nussum
608 2105 751 2158 laetabere
762 2107 830 2159 bello

89 2170 138 2219 51⁰
151 2173 247 2233 Omen,
259 2172 414 2223 Hiberiacis
426 2175 499 2225 ricta
511 2172 673 2242 Carthagine
684 2179 776 2228 terris.

148 2241 238 2291 Maius
250 2241 283 2290 ad
295 2243 438 2306 imperium
449 2250 513 2309 post
524 2242 593 2295 baec
605 2246 725 2311 capiere,
736 2262 789 2299 nec
798 2252 854 2299 ente

148 2311 252 2377 iupiter
264 2310 379 2362 absistet
390 2327 465 2374 curo,
478 2329 559 2380 quam
569 2320 669 2367 cuncta
680 2315 786 2383 fugarit

148 2381 179 2430 111
190 2379 309 2446 Libyam
319 2378 400 2443 bella,
411 2387 440 2433 et
450 2383 614 2434 vincendum
626 2383 736 2436 duxerit
746 2388 806 2454 ipae

147 2448 288 2501 Sidonium
300 2451 350 2502 tibi
360 2457 506 2503 rectorem.
536 2452 627 2505 Pudet
637 2455 712 2507 urbis
723 2458 839 2524 iniquae,

86 2515 137 2567 515
151 2518 231 2580 Quod
250 2520 398 2587 posthaec
415 2522 498 2573 decus
515 2521 568 2574 hoc
584 2525 730 2592 patriaque
751 2526 876 2592 domoque

630 2594 744 2642 carebit.

136 2658 188 2714 sic
200 2667 297 2726 vates,
308 2675 497 2731 gressumque
502 2658 586 2707 bacun
593 2657 725 2705 uertebat
731 2659 862 2707 aunum.
889 2718 891 2723 ,

30 2782 40 2798 u
132 2736 216 2790 Tum
225 2736 356 2797 iuvenis,
370 2731 570 2793 Quaecunque
580 2724 664 2772 batur
676 2735 741 2769 nora
749 2720 847 2768 bux‘m
854 2732 891 2763 aar
