1920 2962
176 164 210 217 90
364 164 390 212 C.
423 161 528 213 SiLii
557 160 720 212 iTALlCi

175 286 302 349 insuper,
314 286 343 332 et
352 295 451 333 nomen
463 281 582 331 'l'rebiae
593 279 684 331 delere
695 280 819 343 minaris,

177 353 200 404 0
212 352 302 418 regnis
312 351 421 401 inimice
430 348 516 401 meisi
538 350 612 411 Quot
624 364 742 415 corpora
751 356 838 414 porto

115 420 166 472 665
180 422 286 471 Dextra
296 419 359 470 fusa
368 417 429 470 tuai
445 419 554 484 Clypeis
565 418 703 485 galeisque
714 419 850 483 uirorum,

179 491 254 552 Quos
266 495 371 539 mactas
377 525 385 550 ,
396 492 502 539 artatam
513 488 567 537 iter
578 502 740 553 cursumque
752 486 865 555 reliqui.

180 558 269 611 Caede
289 558 388 621 (uides)
410 562 509 625 stagna
524 555 581 606 alte
600 555 711 618 rubent,
730 566 868 625 retroque
882 556 920 611 fe·

652 628 757 675 runtur.

178 696 253 747 Adde
264 694 375 746 modum
390 695 518 757 dextrae,
534 701 581 745 aut
592 694 696 774 eampis
712 694 843 775 incumbe
859 711 919 765 pro·

653 778 768 829 pinquis.

178 835 267 896 ilaec,
278 835 386 886 Venere
399 834 536 896 adiuncta,
548 832 652 883 marulo
658 831 808 897 spectabat
817 833 854 885 ab
866 835 920 887 alto

118 903 169 955 oto
180 904 327 966 Mulciber,
340 901 474 955 obscurae
486 908 576 953 tectus
587 900 703 968 caligine
712 900 802 953 nubis.

179 975 308 1039 ingravet
319 971 354 1021 ad
363 969 470 1021 coelum
481 971 594 1021 sublatis
606 968 698 1035 Scipio
710 970 824 1036 palmis:

179 1041 216 1092 Dl
226 1040 323 1106 patrii,
334 1052 449 1105 quorum
460 1039 587 1105 auspiciis
599 1044 655 1089 stat
665 1038 800 1091 Dardana
812 1041 910 1107 Roma,

179 1110 266 1160 Teiin'
276 1123 321 1159 me
330 1108 387 1159 leto
398 1112 477 1158 tenta
484 1109 556 1159 inter
566 1108 672 1174 proelia
684 1123 771 1174 nuper

179 1176 334 1231 Servastisl
344 1178 460 1229 Fortine
471 1179 589 1229 animam
599 1176 670 1228 hanc
681 1178 846 1233 exscindere
857 1180 918 1233 dex-

655 1254 700 1297 trit

118 1314 168 1365 bii
180 1315 322 1381 indignum
333 1321 375 1366 est
385 1313 489 1365 adsumi
505 1314 599 1367 Redde
609 1330 626 1366 o
637 1330 695 1378 me,
705 1321 784 1379 note,
796 1318 918 1383 periclis:

179 1383 274 1434 Redde
286 1381 367 1434 hosti.
388 1382 488 1434 Liceat
497 1383 609 1435 bellanti
621 1398 763 1437 arcessere
773 1392 904 1451 mortem,

181 1453 267 1513 Quam
288 1455 394 1517 patriae
414 1451 547 1520 fratrique
570 1454 691 1520 probem.
722 1456 795 1505 Tum
816 1457 920 1524 percita

654 1524 734 1575 dictis

178 1591 315 1656 ingemuit
325 1589 417 1642 Venus
423 1626 431 1653 ‚
443 1597 471 1642 et
480 1592 589 1659 rapidas
600 1593 701 1645 direxit
710 1594 738 1644 in
749 1607 861 1649 aoracm

180 1661 308 1727 Coniugis
319 1661 413 1711 invicti
424 1661 505 1712 vires.
532 1663 596 1729 Agit
605 1663 724 1730 undique
734 1661 876 1719 flammam

119 1730 169 1780 680
180 1730 326 1796 Dispersus
339 1731 405 1796 ripis
416 1731 501 1798 ignis,
514 1732 668 1798 multosque
679 1747 728 1798 per
739 1747 827 1786 annos

178 1797 301 1850 Nutritas
312 1798 395 1851 fluvio
406 1800 553 1868 populatur
564 1800 684 1852 feruidus
694 1800 816 1855 umbras.

179 1871 272 1921 Uritur
285 1885 364 1920 omne
374 1886 483 1921 nemus:
492 1869 623 1936 lucosque
635 1870 736 1922 effusus
747 1872 775 1920 in
786 1872 860 1927 altos

180 1939 309 1988 immissis
322 1941 439 2003 crepitet
449 1940 538 1989 vietor
547 1939 686 1991 Vulcanus
696 1936 820 1993 habenis.

180 2008 289 2071 lamque
303 2006 428 2055 ambusta
439 2021 532 2057 censes
545 2008 633 2069 abies,
644 2009 700 2057 ism
711 2010 805 2074 pinus,
817 2016 846 2064 et
857 2012 915 2073 niul,

119 2074 170 2124 685
182 2075 254 2134 iam,
265 2073 324 2123 solo
336 2079 443 2124 restans
453 2080 564 2138 trunco,
579 2076 681 2127 dimisit
689 2079 717 2127 in
728 2078 814 2129 eitum

180 2141 300 2206 Populus
312 2147 435 2193 assuetas
447 2145 530 2195 ramis
541 2143 665 2196 habitare
675 2147 810 2199 volucres.

179 2210 302 2261 Flamma
313 2225 398 2261 vorax
407 2213 462 2261 imo
473 2215 581 2277 penitus
591 2215 625 2265 de
637 2218 744 2283 gurgite
756 2223 865 2271 tractos

181 2279 316 2329 Absorbet
327 2277 437 2341 latices,
450 2284 586 2349 saevoque
596 2291 712 2351 urgente
723 2300 828 2352 vapore
921 2306 924 2311 ·

182 2346 277 2398 Siccus
286 2348 416 2399 inarescit
425 2350 490 2415 ripis
503 2366 593 2402 cruor.
622 2354 743 2404 Horrida
754 2355 810 2407 iate

119 2417 171 2469 ooo
184 2416 322 2467 Scinditur
331 2418 359 2466 in
369 2417 464 2480 riorus,
477 2425 505 2470 et
514 2417 591 2472 hiatu
600 2429 683 2489 rupta
693 2420 812 2475 dehiscit

180 2485 287 2547 Tellus,
299 2500 333 2536 ec
342 2487 446 2553 stagnis
458 2488 531 2541 altae
541 2490 638 2542 sedere
651 2490 768 2543 favillae.

178 2555 296 2605 Miratur
307 2561 386 2620 pater
397 2563 524 2610 aeternos
536 2575 645 2611 cessure
655 2567 768 2627 repente

173 2622 314 2674 Eridanus
327 2641 435 2677 cursus:
447 2626 915 2696 Nmnpharumqueintimameestu

161 2692 297 2760 Implevit
307 2693 411 2752 chorus
425 2700 553 2753 attonitis
562 2698 713 2750 ululatibus
721 2707 810 2749 antra„
888 2758 891 2763 ,
