1920 2962
153 172 204 226 206
355 173 384 223 G.
414 169 518 221 SlLll
545 170 710 221 l'rllalcl

110 292 146 345 85
157 293 194 343 Et
204 306 284 342 sacer
293 289 435 342 humectat
444 288 565 340 fluvialia
576 303 640 339 rura
650 290 784 356 capenas.

154 362 240 412 Fama
252 367 303 424 est,
312 362 432 411 intactas
441 359 572 426 longaevi·
578 357 613 409 ab
624 358 729 426 origiue
740 356 794 407 faui

905 27 919 199 l

156 431 289 493 crevisse,
299 431 326 481 iu
337 429 456 480 medium
466 428 604 496 congestis
612 426 733 495 undique
744 426 845 487 douisr'
914 432 919 441 '

155 502 320 551 Immensum
331 513 381 566 per
389 504 498 565 tempus
509 511 585 564 opes,
594 496 741 564 lustrisque
751 494 868 547 retem

158 570 308 620 innumeris
318 582 423 631 aurum,
434 567 493 618 solo
506 570 633 618 servante
644 579 757 631 pavore.

114 638 148 690 90
160 639 222 689 Hae
233 637 326 689 avidos
336 642 442 688 mentes
453 643 482 689 et
492 635 611 687 barbara
622 634 733 686 cordat
769 634 814 685 ius

158 706 272 769 Polluit,
285 712 367 774 atque
378 713 467 758 mmet
479 710 620 757 contemtu
629 710 746 770 pectora
791 704 856 753 run.

158 777 226 827 Avia
233 780 300 827 tune
308 775 455 844 longinqua
465 775 583 842 placent,
594 787 665 840 quae
677 772 768 824 sulcat
778 776 863 823 atauo

158 845 198 896 Ad
211 843 284 895 trata
294 847 428 911 porrectis
439 845 583 896 'fmuaeria
593 842 719 894 Bruttius
731 843 810 893 arvis.

160 914 232 964 Dum
243 913 331 978 Libys
342 913 415 965 haud
424 914 513 965 laetus
524 910 648 980 Rhegiua
658 912 693 962 ad
708 912 793 963 litora
802 906 885 968 tendit,

117 983 151 1034 95
162 983 269 1043 Victor,
280 988 418 1033 summoto
428 984 523 1049 patriis
534 998 550 1032 a
561 981 659 1033 linibus
669 979 760 1044 hoste,

161 1049 271 1101 Fulvius
281 1048 429 1101 infaustam
441 1053 581 1117 Campana
592 1051 627 1101 ad
637 1051 749 1101 moenia
759 1049 854 1102 eleusis

161 1119 298 1172 Portabat
309 1118 419 1184 tamam,
430 1122 590 1188 miserisque
602 1126 728 1171 extrema
737 1118 866 1171 movebat

162 1190 234 1240 'l'um
249 1205 380 1257 prensans
395 1192 510 1256 passim,
533 1191 684 1257 cuicunque
700 1194 745 1241 est
759 1184 886 1241 uomsuiu

637 1259 730 1321 armis,

161 1325 288 1376 Dedecus
300 1323 354 1375 hoc
367 1325 482 1376 deiende
493 1343 588 1378 manu:
604 1342 653 1378 eur
663 1327 785 1394 perlida,
802 1334 829 1377 et
838 1320 885 1374 urll

102 1396 153 1444 roo
163 1394 257 1445 Altera
268 1391 406 1461 Carthago
417 1399 538 1459 nostrae,
550 1401 614 1464 post
624 1395 740 1447 foedera
749 1400 838 1463 rupta,

161 1462 199 1513 Et
208 1463 318 1512 missum
330 1462 365 1513 ad
376 1469 471 1529 portas
483 1465 615 1528 Poenum,
626 1470 689 1532 post
699 1466 763 1517 iura
774 1465 857 1532 petits

162 1531 285 1582 consulis
298 1532 404 1596 alterni,
416 1539 473 1584 stat
483 1533 590 1586 adhuel
601 1540 629 1586 et
638 1534 761 1587 tussibus
774 1534 835 1586 altis

161 1600 344 1652 Hannibalem
370 1618 403 1654 ae
430 1603 552 1671 Libycas
578 1609 722 1722 exspheetat
746 1604 822 1655 lenta
843 1613 878 1653 co·

658 1672 752 1725 ortesl

162 1739 299 1792 Miscebat
309 1740 389 1792 dietis
400 1740 482 1804 faeta,
495 1749 523 1793 et
534 1758 604 1793 nune
616 1743 717 1795 robore
727 1742 816 1795 celsas

100 1807 153 1857 1⁰⁵
165 1809 253 1861 Eduei
264 1816 362 1874 turres,
374 1816 434 1879 quis
444 1813 566 1863 vinceret
576 1813 663 1863 ardua
671 1814 753 1875 muri,

163 1880 295 1946 cogebat,
308 1896 379 1930 nune
390 1882 549 1933 coniunctas
560 1881 732 1949 adstringere
743 1880 823 1933 nodis

162 1947 287 1997 instabat
297 1947 426 2015 ferroque
437 1950 538 2012 trebes,
550 1965 604 2018 quo
616 1950 760 2019 frangeret
769 1951 839 2001 altos

162 2014 308 2066 Portarum
320 2023 422 2082 postes,
435 2025 613 2088 quateretque
625 2022 763 2071 morantia
774 2021 885 2071 claustra

163 2084 216 2133 llic
226 2083 314 2134 latera
324 2087 443 2139 intextus
453 2089 568 2140 stellatis
579 2089 676 2141 axibus
723 2105 783 2158 ger,

101 2152 153 2200 110
163 2151 216 2201 llic
227 2154 341 2219 gratilla
350 2163 456 2208 armato
468 2159 599 2226 surgebat
609 2160 689 2210 vinea
720 2173 794 2211 orso.

161 2221 199 2270 Ac
220 2227 364 2289 postquam
384 2233 533 2293 properata
552 2229 633 2291 satis,
653 2244 724 2296 quae
746 2228 887 2280 commouet

636 2313 710 2359 usus,

162 2359 219 2410 Dat
239 2360 365 2427 signum,
391 2369 472 2431 atque
494 2365 586 2418 alacer
605 2367 686 2418 scalis
705 2365 888 2419 transceudere

635 2451 730 2487 muros

162 2497 289 2562 Imperat,
302 2515 334 2549 ae
346 2503 434 2552 saeris
443 2502 538 2554 urbem
550 2506 701 2556 terroribus
709 2506 821 2573 implet3

158 2567 227 2618 Cum
239 2567 333 2622 subito
348 2570 478 2623 dextrum
487 2572 592 2624 olimsit
599 2574 742 2624 conatibus
751 2591 839 2626 ouran.

81 2637 140 2689 115
152 2640 247 2693 Gerra
257 2639 328 2705 tuit,
340 2657 410 2693 raro
421 2643 507 2694 terris
518 2646 649 2707 sqcctata
657 2641 763 2699 colore,

146 2712 234 2777 Quae
247 2712 388 2767 candore
400 2715 507 2775 nivem,
519 2709 647 2761 eaubore
657 2706 779 2755 autumet
787 2706 889 2753 olores„
