1920 2962
200 158 250 208 tot
396 154 426 204 C.
453 150 561 204 SlLll
590 151 756 203 lrnhlcl

141 275 191 327 200
204 274 317 326 Sidonia
328 272 447 323 tumidus
457 286 572 339 sponsa,
583 285 707 338 vanoque
718 269 856 336 superbus

201 343 324 395 Foedere
336 343 486 408 promissae
496 345 560 408 post
569 339 702 390 Dardana
717 339 825 406 proelia
834 340 945 395 taedae.

203 413 272 462 Huic
282 412 404 462 immittit
416 416 496 462 atrox
504 409 638 461 violentas
647 409 748 475 Appius
757 407 825 471 iras,

204 482 371 548 Conantique
382 496 492 549 gravem
503 478 588 530 fronti
598 477 698 527 librare
709 478 839 540 securim,

203 551 288 601 ¹lltior
298 551 455 617 insurgens,
466 548 574 616 galeam
585 560 666 611 super
678 546 763 612 exigit
772 547 870 599 ictum.

143 619 193 669 ²95
205 621 238 670 rit
250 619 352 686 fragilis
363 619 454 669 valido
466 616 609 668 conamine
619 613 733 665 solvitur
743 615 818 665 ensis

203 690 270 739 ¹lere
281 690 308 738 in
321 685 463 754 Cinyphim
475 700 526 737 nec
539 684 631 750 dispar
641 683 723 733 sortis
734 682 839 737 lsalces
878 700 881 705 ⁴

204 756 353 808 Umbonem
364 757 470 806 incerto
482 754 598 805 detorsit
609 751 693 803 futilis
702 752 770 802 ictu.

203 828 273 876 'l'um
290 825 361 893 quod
377 823 459 875 humo
476 822 549 874 haud
564 835 682 889 uuquam
698 820 832 873 valuisset
846 822 939 875 tollere

676 904 782 952 saxum,

204 962 238 1011 Ni
247 962 318 1011 vires
329 967 391 1010 trux
401 962 444 1010 ira
453 959 545 1020 daret,
557 965 721 1026 contorquet
732 957 866 1014 anhelans

144 1030 194 1081 300
206 1030 315 1096 Appius,
327 1034 355 1079 et
365 1029 443 1094 lapsu
453 1029 581 1094 resupino
590 1029 619 1077 in
628 1034 708 1095 terga
718 1028 866 1081 cadentem

203 1099 277 1150 Mole
288 1098 386 1165 premit
396 1097 510 1164 scopuli,
523 1095 721 1163 perfractisque
733 1099 844 1151 ossibus
853 1106 937 1169 urget.

206 1169 279 1219 Vidit
290 1170 435 1219 coniuncto
446 1169 563 1218 miscens
575 1168 725 1218 certamina
736 1182 836 1234 campo

204 1237 355 1287 liabentcm
367 1252 455 1299 socer,
467 1242 495 1287 et
505 1236 634 1286 lacrimae
645 1236 694 1287 sub
707 1237 815 1288 casside
827 1236 906 1291 frisac

204 1307 269 1355 Cum
280 1307 391 1372 gemitu,
397 1306 562 1371 rapidusque
573 1306 640 1354 ruit:
653 1305 718 1355 duta
729 1304 846 1358 foedera
855 1320 937 1375 nuper

143 1372 192 1424 305
204 1374 360 1424 decendunt
371 1374 475 1425 animos
486 1376 693 1441 exspectatique
704 1380 830 1439 nepotes.

204 1444 313 1510 lamque
325 1443 434 1494 aderat:
454 1443 634 1510 clypeumque
645 1443 705 1504 viri,
717 1448 800 1509 atque
808 1445 936 1497 immarus

674 1512 797 1563 membra

201 1580 352 1632 Lustrabat
362 1582 430 1643 risu,
443 1581 607 1648 propiorque
618 1596 635 1629 a
644 1580 735 1631 fronte
747 1596 882 1635 coruscae

202 1648 263 1700 Lux
274 1650 370 1718 galeae
381 1665 477 1701 saevas
489 1650 597 1716 paulum
609 1650 768 1700 tardaverat
778 1651 844 1703 iras.

201 1720 282 1770 lluud
295 1736 383 1784 secus,
396 1737 410 1772 o
421 1720 532 1786 specula
542 1733 675 1786 praeceps
688 1718 794 1770 delatus
806 1736 903 1787 opaca.

141 1788 191 1838 310
203 1788 351 1843 Subsidens
362 1806 459 1858 campo
469 1790 618 1841 submissos
632 1784 770 1839 contrahit
782 1796 870 1854 artus,

200 1861 267 1910 Cum
276 1863 365 1912 vicina
375 1863 459 1911 trucis
471 1859 613 1924 conspexit
623 1872 726 1908 cornua
735 1859 817 1921 tauri,

202 1930 330 1990 eromvis
345 1931 428 1996 longa
443 1928 530 1978 fames
546 1927 680 1989 stimulet,
693 1926 755 2045 lleo:
774 1943 848 1980 nuno
863 1928 936 1981 lenis

676 2012 693 2046 a
703 2002 732 2045 ta

202 2063 351 2132 surgentes
361 2064 468 2114 cervice
479 2069 564 2128 toros,
576 2081 646 2115 nunc
657 2071 738 2115 torva
748 2066 798 2116 sub
811 2064 886 2119 hirta

199 2133 318 2183 Lumina
327 2135 441 2183 miratur
452 2132 551 2196 fronte,
564 2150 597 2185 ac
607 2136 661 2184 iam
673 2135 752 2203 signa
762 2142 926 2197 moventem,

139 2201 189 2250 315
201 2203 237 2251 Et
249 2216 347 2267 sparsa
356 2218 461 2268 pugnus
472 2202 647 2254 meditantem
660 2210 768 2270 spectat
778 2220 872 2257 arena.

197 2270 251 2319 llic
262 2271 338 2336 prior
348 2272 506 2337 intorquens
517 2272 600 2323 telum
612 2274 651 2323 sic
663 2274 765 2339 Appius
775 2275 849 2325 iniit:

199 2337 227 2388 Si
240 2354 292 2406 qua
301 2340 352 2390 tibi
363 2341 464 2406 pietas,
474 2341 558 2391 ictum
570 2358 604 2392 ne
616 2342 711 2394 desere
722 2342 832 2409 foedus,

199 2409 235 2459 Et
244 2422 374 2476 generum
386 2410 526 2474 comitare,
537 2426 624 2463 socer.
643 2412 697 2463 Per
706 2413 829 2479 tegmina
838 2412 919 2464 velox

199 2478 277 2528 Tunc
289 2478 413 2545 aerisque
424 2494 515 2530 moras
526 2480 605 2532 laevo
617 2483 694 2531 stetit
705 2480 784 2531 hasta
797 2481 912 2533 lacerto.

137 2544 188 2595 320
200 2547 235 2595 At
247 2552 343 2597 contra
354 2564 407 2599 non
418 2549 492 2600 dicta
502 2549 607 2616 Libys,
617 2550 665 2600 sed
677 2549 797 2600 fervidus
808 2548 918 2602 hastam

193 2615 340 2681 Perlibrat,
352 2620 444 2688 magni
454 2619 555 2671 donum
564 2619 741 2670 memorabile
752 2619 860 2671 frutris=

183 2685 274 2741 Caeso
286 2705 371 2761 quam
384 2693 478 2747 rictor
489 2691 540 2745 sub
551 2687 698 2743 moenibus
704 2687 753 2738 ille
760 2686 879 2753 Sagunti
