1920 2962
156 147 409 202 Punicorum
439 150 518 203 [ΑΒ.
538 152 611 203 x111.
709 154 760 208 ate

32 272 81 324 icc
91 285 208 338 pronum
220 269 336 319 audendi
347 270 447 320 virtute
459 270 592 322 excellere
604 273 742 340 cuiquam:
757 288 760 293 ’

32 344 179 410 iaquurunt
187 341 245 389 irae
256 337 375 388 dextras.
404 339 522 389 Dictaea
534 354 582 405 per
592 355 672 391 auras

32 413 138 471 i'ranat‚
150 414 179 459 et
189 410 217 458 in
228 406 346 458 aredium
352 407 506 474 ,perlabitur
516 408 591 460 urbis
602 408 716 460 arundo.
732 426 734 431 ’
768 410 818 462 185

32 481 167 547 metatur,
180 493 234 528 non
244 473 381 539 hortandi,
394 492 447 527 non
460 476 538 544 plura
549 479 677 528 monendi

32 549 134 600 ininius
155 562 215 599 osse
237 546 335 596 iocum.
373 545 492 612 Rapiunt
514 547 565 598 sibi
587 549 700 616 quisque
720 549 757 600 ia-

557 615 661 668 borem.

32 687 101 749 duos
112 686 158 736 ubi
169 692 225 736 tam
237 691 344 736 erectos
356 686 439 735 animi
448 685 531 747 videt,
543 691 571 736 et
581 702 733 753 superesse⁴

32 757 163 807 Fortunae
175 754 225 805 sibi
237 769 370 821 quemque
383 754 494 818 ducem3
506 756 561 804 ruit
571 756 673 821 impete
684 761 762 809 vasto

32 826 64 876 id
76 830 194 892 portam,
205 837 375 891 magnaeque
387 828 466 889 optat
479 824 636 874 discrimina
646 823 744 874 faniae.
774 824 825 875 190

32 897 96 945 fres
113 894 233 944 claustra
248 907 387 961 aequaevo
407 891 553 943 servabunt
573 908 689 960 corpore
709 892 763 944 ira-

501 968 566 1024 tres,

32 1034 94 1093 Quis
109 1031 217 1082 delecta
228 1044 324 1080 manus
338 1032 445 1081 centeni
458 1032 555 1097 cuique
566 1030 693 1082 ferebant

32 1101 173 1161 Excubias,
185 1114 241 1149 una
259 1113 293 1148 ue
303 1097 394 1148 locum
406 1100 524 1150 statione
536 1101 673 1150 tenebant.

32 1173 129 1222 Forma
140 1181 175 1218 cx
184 1165 226 1217 his
238 1116 371 1227 §umiton
385 1182 465 1217 cursu
477 1167 623 1235 plantaque
633 1169 737 1218 volucri

32 1234 330 1295 Praestabathaurens,
343 1236 762 1288 membrorummoleLaburnus.
775 1237 823 1287 195

32 1308 78 1361 ded
93 1322 147 1356 non
159 1319 213 1354 una
223 1305 287 1354 viris
299 1303 361 1354 tela.
392 1305 445 1356 Hic
457 1304 585 1356 mirabilis
598 1322 671 1368 arcu,

32 1379 71 1429 ille
84 1376 192 1426 hastam
205 1380 326 1442 quatere,
338 1387 371 1424 ac
382 1374 535 1425 medicatae
546 1376 665 1442 cuspidis
675 1378 733 1427 ictu

32 1447 136 1499 Proelia
146 1444 242 1501 moliri,
254 1448 281 1493 et
292 1442 364 1493 nudo
375 1459 427 1494 non
441 1445 553 1495 credero
565 1444 648 1508 ferro,

31 1517 137 1568 fortius
148 1514 261 1579 aptabat
271 1510 386 1563 flammis
397 1529 430 1564 ac
440 1513 542 1564 sulfure
553 1515 657 1565 taedas,

32 1585 121 1649 Qualis
132 1583 285 1634 Atlantiaco
297 1588 464 1632 memoratur
474 1583 556 1633 litore
567 1583 704 1650 quondam
776 1585 825 1632 200

32 1658 179 1707 tlonstrum
192 1652 336 1716 Geryones
347 1651 465 1701 immane
476 1652 638 1717 tricorporis
648 1654 719 1715 irae;

32 1726 75 1776 Cui
86 1730 143 1774 tres
152 1723 179 1772 in
192 1736 283 1788 pugna
293 1719 407 1769 dextrae
418 1719 495 1768 varia
505 1735 582 1770 arma
592 1722 732 1786 gerebant.

32 1797 86 1846 [ina
96 1794 173 1860 ignes
183 1805 289 1849 saeros,
304 1795 347 1838 ast
356 1787 444 1838 altera
454 1802 526 1853 pone
536 1789 652 1855 sagittas

32 1862 179 1922 Fundebut,
190 1857 306 1910 validam
318 1856 466 1925 torquebat
475 1857 559 1908 tertia
569 1871 691 1918 cornum,

32 1936 115 2000 itque
125 1945 179 1982 uno
192 1929 300 1979 diversa
310 1927 395 1978 dabat
406 1927 460 1977 tria
471 1927 584 1977 vulnera
594 1926 662 1976 nisu.
777 1927 826 1975 205

32 2002 88 2054 iios
100 2000 146 2050 ubi
157 2015 209 2049 non
223 1997 316 2064 aequis
327 1997 464 2048 variantes
476 1997 580 2064 proelia
591 1995 690 2048 Consul

32 2070 178 2136 conspexit
188 2067 257 2121 telis.
269 2070 297 2116 et
307 2072 403 2132 portae
414 2066 507 2117 iimina
519 2068 621 2118 circum
690 2064 702 2095 ⁸

32 2140 165 2207 stragem,
176 2152 208 2187 ac
220 2134 345 2201 perfusos
357 2136 656 2204 subeuntnmsanguine
664 2141 766 2203 postes,

32 2209 157 2262 Concitat
167 2209 297 2256 intortam
310 2203 417 2255 furiatis
429 2205 530 2256 viribus
542 2204 657 2256 hastam.

32 2280 130 2331 Letum
142 2276 221 2326 triste
232 2273 323 2323 terens
334 2289 415 2324 auras
427 2281 503 2326 secat
515 2276 583 2327 itala
593 2283 681 2335 taxus,

32 2351 74 2410 Et,
87 2361 142 2414 qua
151 2344 277 2406 nudarat,
289 2342 352 2394 dum
364 2342 452 2395 fundit
462 2346 566 2411 spicula
577 2345 610 2396 ab
622 2344 687 2405 alto,

32 2421 129 2470 Arcum
140 2413 315 2481 protendens,
327 2411 453 2465 Numitor
463 2414 543 2475 latus,
553 2415 600 2464 iiia
610 2413 715 2463 transit.

32 2490 73 2547 at,
84 2501 139 2537 non
153 2484 268 2548 obsepta
281 2488 425 2532 contentus
435 2484 526 2534 limine
536 2484 654 2534 Martem

32 2558 171 2608 Exeruere
181 2553 248 2603 levis
258 2551 339 2614 bello,
352 2551 399 2603 scd
411 2552 534 2604 turbidus
545 2553 616 2614 ausi,

32 2625 137 2680 Virrius
148 2625 258 2673 incauto
270 2621 379 2677 terrore
392 2632 528 2697 eruperat
538 2639 641 2678 omens
803 2610 866 2659 '‘X-⁸

32 2693 140 2743 declusa
149 2692 178 2742 in
189 2706 320 2765 campum
333 2703 433 2768 porta,v
443 2701 649 2770 miseramque
658 2689 760 2745 iurari
