1920 2962
113 133 146 184 96
303 130 331 180 C.
361 126 465 179 SlLll
494 125 658 179 lTALlCl

91 256 105 303 t
116 251 226 302 Solatae
237 249 315 298 viridi
327 249 433 313 penitus
444 246 538 297 fovere
549 247 683 296 subantro

113 320 213 371 Naides
225 318 364 383 amplexus
375 316 534 383 undosaque
546 330 632 382 regno
642 320 821 369 trementem.

113 390 184 439 llioc
195 388 287 438 dotale
298 386 373 437 lacus
384 400 491 447 nomen,
501 384 611 451 lateque
624 385 793 450 Hymenaeo

113 458 228 509 Conscia
239 457 340 506 lascivo
352 454 558 520 'l'hrasymeous
568 453 668 503 dicitur
680 452 764 505 unde.

113 530 148 578 llt
156 529 210 577 iam
224 526 358 577 curriculo
369 528 394 574 nl
416 539 473 574 ram
484 537 537 573 oox
549 522 658 572 roscida
667 528 774 575 nietam

69 598 102 647 25
115 596 280 664 stringebat,
292 610 343 645 nec
354 608 384 644 se
395 603 407 643 t
427 593 521 643 alamis
532 589 663 642 Tithonia
673 594 777 647 coniux

113 666 277 726 Protulerat,
287 663 431 730 stabatque
442 663 529 713 nitens
539 663 567 712 in
577 661 668 712 liuline
679 662 786 729 primo3

115 738 179 785 ilum
192 736 278 784 minus
289 732 415 784 abnuerit
425 738 533 783 nortem
545 731 647 781 desisse
659 732 761 794 viator,

115 807 202 866 Quam
212 804 336 869 coepisse
347 802 433 853 diem:
455 800 554 852 Consul
565 800 697 865 carpebat
705 800 829 869 iniquas,
915 813 916 847 l

114 873 310 939 l’rocgredieos
322 872 401 937 signa
409 872 478 936 ipsa,
490 870 556 932 rias,
567 869 707 936 omniaque
719 868 824 923 ruebat

69 942 103 992 30
114 944 216 990 blixtus
226 954 323 1007 eques3
339 953 390 988 nec
401 938 526 988 discretis
536 937 607 988 levia
618 953 695 989 arma
704 940 845 1007 maniplis,

115 1009 263 1075 insertique
275 1007 357 1074 globo
369 1005 483 1074 pedites,
495 1012 524 1057 et
532 1008 627 1058 inutile
637 1008 723 1059 Marti

114 1080 243 1129 {lixarum
253 1077 357 1145 vulgus,
369 1091 504 1144 praesago
516 1082 615 1127 cuncta
626 1076 745 1129 tumultu

114 1148 237 1216 implere,
250 1162 282 1198 ac
293 1161 411 1215 pugnam
421 1144 571 1214 bigicotum
582 1160 659 1196 more
669 1147 815 1211 petebant.

114 1220 184 1267 'furo
195 1231 277 1282 super
287 1218 346 1282 ipse
357 1216 443 1277 lacus,
455 1214 567 1266 densam
578 1215 694 1284 caligine
704 1231 796 1271 caece

72 1288 104 1338 35
118 1282 254 1336 Exhalans
266 1283 401 1346 nebulam,
411 1284 467 1335 late
479 1290 641 1350 corruperat
651 1299 763 1338 omnem

115 1357 293 1419 Prospectum
305 1353 419 1414 miseris,
431 1358 512 1418 atque
524 1359 600 1405 atrae
611 1355 701 1405 noctis
712 1358 821 1409 amictu

116 1422 264 1491 Squalebant
274 1437 397 1488 pressum
408 1423 489 1489 picea
497 1423 569 1474 inter
579 1424 671 1475 nubila
682 1426 803 1477 coelum.

114 1492 172 1543 Nec
184 1492 306 1542 Poenum
316 1490 420 1559 liquere
431 1490 494 1542 doli
532 1491 616 1543 Sedet
626 1508 690 1544 ense
701 1506 820 1562 reposto

113 1560 234 1623 abditus,
245 1566 274 1612 ot
282 1560 361 1611 nullis
372 1567 563 1629 properantem
577 1563 737 1615 occursibus
748 1572 836 1619 arcet.

70 1634 104 1683 4⁰
118 1633 160 1682 lre
172 1632 266 1694 datum
278 1631 413 1699 longeque
424 1635 510 1698 patet,
522 1647 572 1682 ceu
585 1647 652 1699 pace
664 1633 769 1699 quieta,

115 1700 321 1764 incustoditum,
335 1716 399 1752 mox
408 1701 590 1757 irremeabile.
601 1702 673 1752 litus.

114 1771 239 1839 Namque
250 1771 299 1823 sub
311 1776 441 1840 angustas
451 1776 542 1822 artato
555 1771 638 1821 limite
648 1771 745 1823 fauces

114 1842 144 1891 ln
155 1842 280 1893 fraudem
291 1841 410 1893 ducebat
420 1842 481 1901 iter,
493 1843 683 1908 geminumque
697 1843 820 1909 receptis

114 1911 244 1972 Exitium,
261 1907 325 1960 hinc
336 1925 427 1975 rupes,
445 1907 507 1959 binc
518 1910 606 1961 undae
619 1910 741 1961 claustra
750 1926 854 1979 preme·

525 1979 601 2030 bant.

71 2048 105 2097 45
117 2048 150 2097 st
161 2061 227 2096 cura
237 2044 366 2095 umbroso
378 2047 506 2097 servabat
516 2050 619 2098 vertice
630 2050 730 2100 nasutis

114 2115 249 2165 Hostilem
259 2115 421 2181 ingressum,
433 2116 544 2183 refugos
555 2115 681 2167 habitura
693 2117 744 2168 sub
754 2121 824 2173 ictu.

115 2183 197 2233 Haud
208 2197 287 2232 secus
297 2198 331 2233 ac
341 2184 442 2235 vitreus
453 2185 549 2237 sollers
560 2188 682 2253 piscator
692 2187 726 2237 ad
737 2190 837 2255 undas,

116 2253 171 2303 Ore
182 2251 269 2302 levem
280 2251 375 2317 patulo
386 2260 483 2304 texens
494 2254 528 2306 de
539 2258 637 2306 vimine
649 2271 769 2321 nossem,

116 2322 227 2373 Cautius
237 2320 371 2371 interiore
381 2321 456 2389 ligat,
467 2325 638 2393 mediamque
650 2341 698 2392 per
709 2326 812 2393 ulium,

71 2390 105 2441 bb
117 2388 222 2441 Sensim
233 2389 374 2457 instigans,
386 2405 544 2458 compresso
555 2396 697 2446 cacrrmina
707 2398 811 2463 nectit;

113 2460 152 2509 Ae
163 2457 260 2509 fraude
271 2460 353 2510 artati
365 2475 488 2515 remeare
500 2462 641 2515 foraminis
652 2471 729 2517 arcet

115 2527 231 2578 lomoitu
242 2527 359 2592 iamlam,
368 2546 448 2598 quem
460 2534 545 2583 traxit
555 2533 589 2584 ab
600 2548 728 2600 aequore,
740 2538 817 2603 pisce

113 2598 199 2649 Ocius
206 2597 316 2652 interea
327 2600 443 2669 propelli
453 2602 532 2671 signs
540 2602 652 2653 iubebat

97 2668 249 2725 excussus
260 2672 368 2728 mosol
377 2672 393 2729 ‚⁸
392 2680 506 2728 uturum
513 2671 627 2724 turbine
635 2676 771 2721 mentem
