1920 2962
116 178 120 189 '
177 176 229 227 214
372 170 401 222 C.
431 167 534 221 SlLll
564 166 732 219 lranrcl

177 293 357 360 obstringunt
367 291 472 341 animas
483 288 598 355 patriae,
610 286 772 355 dictataque
781 287 875 339 iurant

176 360 356 415 Sacramenta
366 359 443 422 Deis,
456 364 484 409 et
495 360 614 423 purgant
624 362 742 421 pectora
751 356 845 425 culpa.

114 433 263 501 ibddtque
285 445 318 482 ea
339 430 403 481 dum
421 427 527 479 Rutulis
548 425 660 476 turbata
680 431 778 545 mgprta
801 441 849 495 ge·

652 509 704 544 mn
752 530 760 557 r

176 568 329 621 Lustrabat
340 582 461 633 campos,
472 571 501 617 et
511 579 611 616 saevae
621 563 714 614 tristia
724 562 843 616 dextrae

175 640 264 689 Facta
273 636 443 698 recensebat,
455 639 628 703 pertractans
638 632 755 684 vulnera
765 634 837 697 visu,

176 705 323 768 Hannibal,
334 712 371 768 et,
382 719 485 773 magna
492 703 716 769 clncumatipante
726 708 850 766 catam,

176 776 276 827 Dulcia
285 775 436 843 praebebat
445 774 570 825 trucibus
579 771 742 839 spectacula
751 772 860 827 Poenis

116 846 166 897 455
181 846 256 909 Quas
267 845 465 913 megasium,
477 842 622 895 confossus
631 847 750 908 pectora
759 843 833 907 telis,

178 914 347 966 Seminecem
359 918 483 965 extremo
494 914 579 963 vitam
592 909 740 962 exhalabat
751 913 782 963 in
792 927 869 964 auras

175 986 289 1035 Munere
300 983 430 1033 deficiens
439 983 495 1033 iam
506 980 634 1043 Cloelius,
645 994 751 1048 oraque
760 983 823 1034 nisu

176 1050 321 1120 Languida
330 1052 376 1102 vix
386 1065 470 1119 aegro
482 1056 510 1101 et
520 1049 603 1101 dubia
615 1050 722 1100 cervice
732 1049 848 1103 lavabat

176 1123 293 1192 Agnovit
303 1123 423 1188 sonipes,
434 1121 603 1187 arrectisque
615 1118 726 1171 auribus
737 1135 832 1172 acram

115 1192 167 1243 too
178 1193 321 1243 Hinnitum
333 1190 484 1253 effundens,
496 1190 595 1242 sternit
605 1188 704 1240 tellure
714 1189 860 1259 vagesem,

177 1262 264 1323 Quem
275 1267 340 1311 tunc
353 1262 462 1326 captivo
474 1259 605 1326 portabat
613 1260 641 1309 in
652 1258 764 1326 agmina
774 1260 861 1312 dorsa

176 1330 260 1390 Hinc,
282 1329 406 1394 rapidum
426 1330 583 1396 glomerans
599 1342 722 1391 cursum,
743 1343 795 1395 per
812 1326 897 1381 lubia

669 1413 696 1448 ιιι

175 1466 271 1518 Stante
283 1482 381 1519 cruore
392 1467 444 1519 soli
456 1474 485 1520 et
494 1468 628 1520 mulctata
638 1413 776 1520 cpdffim
786 1466 865 1521 caede
925 1472 928 1479 '

174 1536 283 1600 Evolat,
294 1553 327 1588 ac
340 1537 441 1589 domini
453 1539 579 1589 consistit
587 1540 614 1589 in
627 1553 677 1589 ora
685 1538 812 1590 iacentis.

113 1606 163 1656 465
175 1607 249 1669 inde,
261 1607 406 1659 inclinatus
418 1607 496 1670 eolla,
509 1615 537 1659 et
548 1607 697 1659 submissus
706 1609 737 1658 in
747 1622 846 1670 armos,

174 1677 216 1728 De
228 1691 304 1727 more
314 1675 422 1729 inflexis
433 1676 585 1744 praebebat
594 1676 729 1728 scandere
739 1683 821 1747 targa

175 1747 314 1810 Comibus,
327 1763 361 1799 ac
370 1748 482 1816 proprio
495 1746 613 1814 quodam
624 1745 785 1813 trepidabat
794 1758 884 1800 amore.

172 1816 327 1871 Milite’non
336 1818 383 1870 illo
396 1819 537 1886 quisquam
548 1815 654 1867 felicius
666 1816 726 1867 acri

171 1888 321 1940 insultarat
331 1904 411 1955 equo,
421 1888 465 1938 vel
475 1888 497 1938 si
508 1888 636 1953 resupina
646 1887 733 1937 citato

112 1957 162 2006 410
174 1956 318 2007 Proiectus
329 1956 411 2007 dorso
422 1956 509 2008 ferret
520 1971 582 2007 cum
592 1955 725 2019 membra,
736 1956 780 2008 vel
790 1956 857 2008 iden

173 2022 202 2074 Si
212 2022 285 2073 nudo
297 2029 385 2074 staret
395 2030 484 2093 tergo,
497 2025 561 2077 durn
572 2032 653 2091 rapta
662 2025 783 2078 volucris

172 2093 350 2160 Transigeret
361 2109 441 2145 cursu
451 2098 561 2163 sonipes
572 2097 723 2146 certamina
735 2096 832 2162 campi.

171 2162 207 2209 At
216 2160 312 2226 Libys,
326 2161 459 2215 humanos
469 2169 631 2233 aequantem
642 2170 759 2231 pectore
769 2178 861 2217 sensus

171 2229 254 2279 Haud
264 2245 347 2294 parce
359 2234 472 2285 miratus
483 2249 596 2302 equum,
609 2235 720 2301 quinam
730 2235 777 2286 ille
786 2235 898 2287 sinim

111 2298 162 2348 4¹15
173 2299 319 2367 Depugnet
330 2302 412 2351 morti
422 2303 537 2364 invenus,
549 2316 711 2371 nomenque,
724 2303 859 2372 decusque
887 2347 892 2359 .

172 2370 309 2437 Erogitat,
321 2369 422 2436 letique
433 2372 512 2422 simul
524 2373 687 2438 compendia
697 2371 793 2424 donat.

171 2439 224 2488 Hic
247 2441 331 2490 Cinna
351 2439 398 2502 (ad
417 2442 520 2506 Tyrios
539 2456 656 2509 namque
674 2443 699 2492 is
719 2456 771 2494 sua
790 2440 900 2494 aarum

646 2526 733 2573 anna,

166 2575 303 2633 credulos
315 2579 452 2644 adversis,
461 2586 492 2632 et
500 2585 562 2630 tum
569 2595 662 2630 comas
667 2581 728 2629 ibat
735 2582 843 2644 ovant)

154 2649 284 2704 Auribus
296 2649 376 2715 huic,
386 2652 497 2720 inquit,
507 2649 608 2700 duston
618 2646 812 2704 tondaaimam
874 2648 911 2693 at

79 2719 137 2772 480
149 2721 219 2779 Non
234 2724 368 2798 indigna
377 2724 450 2777 tuis.
480 2709 834 2783 auosanmmnuegmm
