1920 2962
159 200 412 254 Punicorum
437 200 644 265 1011111111.Ι
715 204 819 256 3611
910 271 913 280 Ι

29 322 147 386 Ductor,
157 329 188 373 ut
198 323 327 389 aequavit
336 321 441 372 meritis
452 322 499 387 pia
510 327 624 387 pectora
633 323 721 387 donis,

28 393 65 445 Et
75 392 163 443 irater
172 390 289 442 thoraca
299 391 362 441 tulit
372 390 528 456 multiplicis
539 391 607 453 aun‘,

28 460 142 513 Laelius
151 461 278 511 Asturica
290 460 401 526 rupidus
411 459 445 508 de
456 466 538 527 gente
548 460 663 527 iugales,

29 532 201 597 contorquet
211 529 316 596 magnis
328 529 469 579 victricem
479 529 583 579 viribus
594 527 702 580 hastam
778 528 828 580 58⁵

28 602 213 666 Consurgens,
225 598 381 665 umbrisque
392 598 451 647 dari
464 604 581 648 testatur
593 597 734 650 honorem.

26 669 121 720 Hasta
130 668 224 719 volans
235 669 345 728 (mirum
356 667 431 717 dictu
438 665 457 729 1)
468 667 557 717 medio
568 668 655 718 incita
664 682 762 734 campo

28 736 159 790 Substitit
170 743 233 787 ante
246 736 350 798 oculos,
361 741 390 786 et
400 741 491 786 terrae
502 736 587 787 infixa
598 735 729 788 cohaesit.

27 808 102 858 Tum
113 806 219 857 subitae
231 804 351 868 frondes,
363 804 491 872 celsoque
502 807 643 856 cacumine
653 808 732 868 raud,

27 876 68 928 Et
79 876 163 926 latam
175 889 307 940 spargens
326 889 457 940 quercus,
478 873 542 924 dum
558 877 693 937 nuscitur,
713 889 770 925 um·
797 942 812 993 9

506 943 591 994 bram.
780 943 830 992 50

27 1014 70 1066 Ad
81 1014 188 1065 maiora
197 1011 293 1063 iubent
302 1013 428 1079 praesagi
439 1012 552 1064 tendere
562 1019 648 1064 vates.

30 1083 62 1135 ld
73 1088 229 1134 monstrare
240 1081 326 1143 Deos,
338 1085 420 1148 atque
429 1079 483 1132 hoc
492 1082 657 1148 portendere
668 1084 760 1149 signis.

31 1153 94 1215 Quo
106 1167 189 1217 super
202 1150 327 1216 augurio,
338 1149 422 1214 pulsis
432 1151 466 1200 de
478 1151 559 1202 litore
570 1153 676 1202 cunctis

30 1221 170 1286 Hesperio
182 1218 292 1280 Poenis,
303 1218 377 1269 ultor
387 1219 546 1286 patriaeque
559 1221 710 1288 domusque

30 1289 179 1342 Ausoniam
189 1289 298 1355 repetit,
309 1287 383 1338 fama
394 1287 510 1340 ducente
521 1289 695 1356 triumphum.
780 1289 830 1340 505

28 1358 89 1410 Νο0
99 1357 212 1408 Latium
223 1359 295 1409 curis
308 1358 387 1409 ardet
397 1357 557 1426 flagrantius
567 1361 637 1423 ullis,

31 1428 121 1490 Quam
136 1428 226 1479 iuveni
241 1427 359 1494 Libyam
376 1434 404 1479 et
418 1446 538 1482 summos
554 1434 712 1498 permittere
729 1430 767 1480 sa·

506 1515 576 1551 sces.

31 1564 86 1618 Sed
98 1564 202 1630 frigens
213 1567 317 1627 animis,
329 1582 380 1616 nec
389 1567 461 1617 bello
472 1583 605 1634 prospera
616 1569 696 1620 turba

30 1633 150 1699 Ancipiti
161 1632 253 1681 senior
263 1636 410 1684 temeraria
421 1643 521 1701 coepta
532 1637 670 1698 vetabant,

30 1705 203 1772 Magnusque
216 1698 366 1751 horrebant
377 1708 459 1752 cauta
469 1703 613 1753 formidine
626 1720 713 1755 casus.
780 1705 831 1756 600

31 1775 117 1841 Ergo,
128 1770 174 1821 ubi
184 1769 275 1820 delato
288 1771 387 1821 Consul
398 1771 521 1822 sublimis
532 1769 636 1823 honore

31 1842 72 1894 Ad
82 1841 181 1892 Patres
194 1839 319 1891 consulta
330 1838 424 1902 refert,
437 1840 570 1908 deturque
580 1847 712 1906 potestas,

32 1913 111 1973 Orat,
123 1909 254 1960 delendae
267 1907 448 1977 Carthaginis,
460 1911 540 1961 altius
552 1925 631 1961 orsus

31 1982 95 2032 Hoc
105 1979 263 2046 grandaeva
272 1979 355 2030 modu
365 1980 466 2031 Fabius
477 1986 557 2047 pater
568 1995 618 2031 ora
628 1979 751 2031 resolvit:

32 2050 115 2100 Haud
127 2048 252 2116 equidem
263 2049 392 2099 metuisse
406 2064 512 2117 queam,
524 2051 640 2102 satiatus
650 2056 679 2100 et
691 2051 750 2101 aevi
779 2049 829 2100 605

31 2121 69 2171 Et
80 2118 197 2180 decoris,
210 2120 253 2168 cui
265 2124 322 2168 tam
335 2124 460 2184 superest
473 2124 501 2170 et
510 2118 598 2186 gloria
609 2126 639 2170 ct
649 2125 734 2180 aetas,
764 2124 768 2131 ’

31 2187 73 2240 Ne
86 2187 182 2238 credat
191 2203 243 2238 nos
253 2188 371 2238 invidiae
381 2190 529 2239 certamine
542 2189 651 2240 Consul.

31 2256 173 2309 Laudibus
187 2255 344 2308 obtrectare
355 2258 418 2308 suis.
449 2255 522 2309 Satis
531 2259 626 2310 inclita
637 2274 735 2310 nomen

34 2326 133 2380 Gestat
144 2326 218 2377 sama
228 2342 327 2389 meum,
340 2343 390 2378 000
402 2327 771 2395 egenttamprosperalaude

30 2397 120 2449 Facta
130 2411 214 2447 nova:
225 2411 319 2447 verum
331 2404 359 2447 et
371 2398 486 2462 patriae,
498 2396 561 2447 dum
572 2399 628 2447 vita
639 2397 768 2457 manebit,
781 2394 831 2446 610

32 2465 137 2519 Decsse
148 2465 235 2527 nefas,
247 2467 418 2533 animumque
430 2465 507 2517 nefas
514 2465 650 2516 scelerare
657 2465 770 2516 silendo.

32 2535 112 2588 Bella
121 2549 192 2586 nova
203 2536 231 2586 in
241 2535 350 2603 Libyae
361 2535 464 2587 moliris
475 2535 577 2586 ducere
586 2533 696 2586 terrast

28 2606 128 2655 Hostis
137 2606 207 2653 enim
220 2605 466 2661 deestAusoniaet
477 2621 535 2659 uec
543 2608 666 2658 uincere
673 2602 764 2654 nobis

16 2671 148 2719 Estsstrs
159 2671 358 2730 Hannibalem.
384 2679 504 2734 Petitur
516 2694 597 2749 quae
611 2669 822 2748 010000000οῑ

10 2733 107 2784 Litore
117 2737 270 2822 Eiisflawi
281 2744 402 2805 stimuli
415 2755 445 2809 si
454 2751 559 2808 laudis
572 2752 760 2866 aguubixiqs,

851 2714 916 2767 wa
