1920 2962
166 189 216 241 236
363 189 392 239 G.
421 184 525 238 leu
559 183 726 236 lTALlGI

103 309 155 361 505
164 310 298 371 Martem,
320 310 359 359 ait
370 344 378 371 ‚
400 307 538 375 egregium
560 310 588 355 et
608 303 734 423 fracltlus,
754 308 813 372 quir
831 304 888 356 ltale

638 379 668 423 te
687 389 721 425 us

165 445 320 509 Nitebatur‚
331 460 408 512 opes,
420 459 484 511 pars
494 445 552 509 ipse
564 441 637 493 haud
649 456 738 509 porra
747 442 872 505 lubonun,
915 438 917 459 '

164 515 275 567 Nuntio.
305 515 460 583 Pugnatum
471 510 582 579 Superis
592 513 619 561 in
631 517 698 562 vota
707 512 841 564 secundis.

163 587 215 637 Est
225 586 317 647 loeus,
327 583 416 634 Aetoli
427 584 518 650 signat
528 596 609 649 quem
618 580 709 649 glorio
718 583 801 649 regis,

164 655 311 705 Possessus
321 651 459 720 quondam
469 653 561 718 prisca
570 650 644 700 inter
654 650 750 701 secula
759 650 865 701 Dauno:

103 722 154 772 510
164 724 317 774 Humentes
328 721 425 788 rapido
439 719 591 772 circumdat
600 721 710 787 gurgite
722 734 833 787 campos

162 792 283 855 Aufidus,
294 797 323 842 et
332 791 436 859 stagnis
447 790 587 856 intercipit
600 803 666 838 arva
676 787 792 853 refusis3

163 863 231 912 Mox
241 860 340 912 lluctus
350 859 415 910 ierit
424 858 594 920 Hadriacos,
609 872 767 925 magnoque
777 856 876 925 fragore

163 930 311 981 Cedentem
321 929 437 994 impellit
446 933 584 978 retrorsus
593 928 622 977 in
634 933 874 995 aequorapontuu.

163 1000 216 1048 llic
244 998 334 1049 Varro
361 1003 389 1048 et
416 1011 544 1064 nragnum
570 996 654 1046 Latia
679 996 753 1046 inter
777 996 875 1048 nonum

639 1064 751 1116 Paullus

103 1136 152 1186 51⁵
165 1135 188 1187 N
191 1150 280 1198 omen,
292 1140 352 1204 quls
364 1150 456 1186 rerum
466 1134 580 1185 ducibus
592 1135 727 1201 permissa
737 1141 863 1203 potestas,

161 1205 291 1258 Vixdum
302 1205 416 1272 depulsa
426 1205 521 1271 nigrae
532 1204 648 1272 ealigine
658 1206 761 1268 noetis,

162 1275 296 1324 lnvadunt
306 1289 441 1339 campum,
452 1279 480 1322 et
490 1273 545 1324 late
556 1271 724 1341 fulgentibus
736 1275 819 1327 armis

160 1342 320 1393 decendunt
330 1341 401 1392 ultro
412 1342 502 1392 lucem
513 1344 649 1410 surgentis
660 1342 723 1393 Eoi.

161 1410 219 1462 Nos
231 1416 328 1461 contre
340 1412 415 1472 (nam
425 1426 585 1478 germanum
596 1410 674 1462 furor
684 1426 751 1462 acer
762 1412 854 1483 agebel

102 1480 152 1531 520
163 1481 283 1547 Optatae
295 1484 414 1548 pugnae)
426 1483 525 1532 eastris
537 1482 593 1532 cita
603 1483 682 1549 signa
693 1497 840 1534 movemus.

161 1551 286 1600 lntremit
298 1555 326 1599 et
336 1549 426 1613 tellus,
439 1556 467 1601 et
476 1551 571 1616 pulsus
581 1552 669 1617 muglt
679 1550 824 1619 Olympus.

160 1619 215 1670 Hic
226 1618 338 1670 llurium
349 1625 377 1670 et
387 1635 499 1687 campos
511 1619 656 1671 abscondit
668 1621 755 1672 caede
767 1625 876 1673 virorum

161 1689 283 1752 Ductor,
295 1706 348 1758 quo
360 1705 496 1757 nunquam
508 1691 641 1740 maiorem
652 1689 687 1740 ad
698 1690 774 1742 bella
784 1691 889 1743 udenut

161 1760 308 1812 Rectorem
318 1766 418 1811 terrae.
447 1759 520 1821 Vidi,
532 1775 593 1810 cum
603 1759 714 1811 turbiue
724 1776 809 1813 suevo

101 1828 151 1878 525
161 1831 283 1881 Ausonia
295 1835 323 1880 et
334 1831 426 1881 sonitu
434 1829 561 1879 bellantis
573 1828 695 1895 iusuper
706 1845 791 1897 agros

160 1901 213 1950 Uni
224 1905 302 1966 terga
314 1899 400 1950 daret.
427 1899 501 1962 vidi,
514 1915 576 1950 cum
586 1899 676 1950 Varro
689 1900 778 1951 citato

160 1966 321 2018 Auferretur
331 1983 411 2034 equo,
423 1969 553 2034 proiectis
565 1968 685 2036 degener
698 1972 793 2022 armis.

161 2036 232 2096 Quin
244 2041 272 2086 ct
282 2038 493 2103 magnanimum,
505 2036 631 2104 perfosso
643 2053 764 2106 corpore
775 2040 845 2103 telis,

160 2102 258 2171 Strage
270 2121 353 2171 super
363 2108 467 2156 socium
477 2106 586 2169 vidite,
598 2107 702 2170 Puulle‚
714 2109 863 2162 cadentem.

100 2173 149 2224 530
162 2175 279 2240 Aegates
287 2174 332 2225 ille
345 2181 372 2225 et
383 2177 492 2227 servilia
502 2176 616 2228 foedera
626 2176 705 2245 larga

160 2242 237 2293 Ultus
249 2242 334 2293 caede
346 2244 415 2295 dies:
426 2261 480 2295 non
493 2247 553 2313 plus
565 2251 675 2312 optasse
686 2248 797 2312 liberet,

161 2313 250 2374 Quam
268 2318 327 2362 tum
345 2316 482 2365 concessit
502 2315 599 2366 dexter
614 2315 700 2367 Deus.
733 2319 828 2369 Altera
845 2319 890 2367 iau

634 2385 682 2435 lux

159 2447 187 2500 Si
199 2452 261 2501 talis
272 2451 380 2515 redeat,
391 2453 499 2520 populis
511 2456 548 2504 sis
561 2454 685 2505 omnibus
696 2470 754 2506 una

159 2519 248 2585 Tum,
271 2519 427 2591 Carthago,
450 2528 550 2590 caput,
575 2530 720 2591 terrasque
741 2524 834 2577 colare
851 2534 891 2593 ptr

641 2607 745 2641 §mizt-

78 2662 134 2716 ⁵35
150 2666 261 2719 Testes
272 2663 304 2718 hi
317 2664 436 2734 stragis,
446 2676 522 2731 qnos
530 2656 885 2733 summumst&

138 2739 213 2795 Mos
227 2740 322 2796 laeva
336 2741 457 2809 gesem
466 2731 549 2783 vifis,
575 2719 791 2771 inmissum
800 2724 868 2765 uate.
