1920 2962
139 186 189 237 268
335 184 363 233 C.
394 178 496 231 SiLll
527 179 695 232 l'l'ALlCl

140 306 221 365 Huic,
230 303 328 370 inquit,
340 302 428 352 solum
434 336 442 362 ,
453 302 475 351 si
487 314 541 366 qua
552 304 595 349 est
605 297 708 351 fiducia
718 300 842 365 dextrae,-

138 373 194 423 Det
203 387 263 423 sese
276 386 383 437 eampo,
395 375 476 436 atque
487 370 563 418 inest
572 369 726 419 certanuna
734 384 847 423 meeum.

140 444 198 493 Una
209 455 288 492 mora
297 439 450 500 Aeneadae,
460 442 606 504 postquam
616 450 673 486 vox
683 440 776 506 attigit
787 454 869 501 soros,

139 511 211 560 Dum
224 510 303 560 daret
314 509 463 575 auspicium
472 507 569 573 iusque
580 506 607 555 in
614 507 868 559 certaminoduetor.

78 580 129 628 155
141 579 328 630 Praevetitum
337 590 452 643 namque
465 581 493 625 et
504 573 614 640 capital,
625 577 868 628 committerentur·

610 648 667 693 tem

140 714 243 781 Sponte
253 717 325 766 viris.
355 714 481 779 Erumpit
491 726 585 775 ovans,
593 717 625 762 ut
634 712 747 763 Fulvius
758 727 832 764 arma

138 786 257 851 imperio
268 784 357 846 solvit,
369 783 545 849 patulumque
554 782 681 832 invectus
690 782 719 832 in
731 796 831 850 aequor

138 855 228 921 Erigit
239 855 385 904 undantem
397 852 549 919 glomerato
559 849 671 916 pulvere
681 850 792 903 nubem.

140 923 299 989 Indignatus
311 937 391 987 opem
403 921 513 982 amenti,
524 920 656 986 socioque
666 920 763 971 iuvare

78 992 128 1041 roo
139 991 289 1056 Expulsnm
299 990 372 1040 nodo
382 989 510 1051 iaculum,
520 994 604 1055 atquc
615 1003 758 1041 arcessere
768 990 843 1049 vires,

139 1061 250 1110 'Taurea
261 1058 384 1109 vibrabat
394 1058 472 1108 nudis
485 1057 628 1109 conatibus
639 1054 758 1108 hostem.

138 1130 215 1192 inde,
226 1144 308 1180 ruens
318 1129 369 1191 ira,
380 1127 464 1178 telum
476 1132 641 1193 contorquet
650 1128 678 1175 in
689 1142 781 1179 ouras.

138 1200 173 1249 At
185 1199 321 1249 nunidem
333 1199 437 1248 animus
449 1195 561 1246 Rutulo:
578 1195 753 1261 speculatur,
764 1201 793 1247 et
804 1192 865 1247 omni

139 1269 260 1332 Corpore
272 1266 429 1333 perlustrat,
441 1265 541 1330 quasit
552 1265 707 1315 certissima
716 1264 791 1317 ferro

78 1335 128 1384 155
141 1336 171 1384 15
182 1334 278 1383 vulnus
288 1336 339 1383 via.
369 1333 447 1382 Nunc
459 1333 562 1395 vibrat,
579 1348 653 1383 nunc
663 1335 819 1401 comprimit
827 1330 866 1382 iu·

614 1407 696 1465 stam,

138 1471 323 1538 Mentiturque
334 1471 435 1534 minas3
446 1470 564 1520 mediam
574 1476 641 1521 tunc
650 1474 762 1524 transiit
770 1474 825 1523 ictu

140 1540 277 1601 Parmam,
290 1541 336 1590 scd
350 1546 430 1607 grato
442 1537 570 1590 fraudata
582 1545 624 1591 est
635 1543 770 1608 sanguine
781 1539 864 1607 cuspis

139 1610 209 1659 Tum
222 1610 347 1660 strictum
358 1624 475 1675 propere
486 1610 585 1675 vagina
597 1609 704 1676 detegit
714 1626 815 1663 ensem.

138 1680 239 1729 Etiam
251 1679 355 1730 ferrato
367 1678 492 1746 rapiebat
504 1677 579 1728 calce
590 1678 730 1730 volantem

80 1749 127 1797 too
140 1750 251 1799 'iancea
262 1749 446 1815 cornipedem,
457 1747 564 1814 fugiens
574 1748 732 1798 minitantia
742 1747 809 1801 fata.

137 1817 196 1870 Nec
207 1819 321 1870 Rutulus
332 1819 419 1869 levior
430 1817 551 1867 cedentis
563 1816 699 1882 prendere
711 1824 799 1886 tergo.

137 1886 206 1938 Nam
219 1888 336 1954 profugo
348 1887 458 1954 rapidus
469 1885 536 1936 fucis
547 1885 669 1936 instabat
679 1883 804 1937 habenis.

139 1957 227 2021 thue
238 1962 327 2006 metus
338 1959 449 2017 victum,
461 1957 500 2006 sic
511 1956 553 2004 ira
563 1961 591 2005 et
602 1954 692 2022 gloria
702 1958 792 2021 portis

141 2023 279 2073 Victorem
290 2025 409 2087 immisit,
421 2026 565 2091 meritique
576 2024 675 2090 cupido
688 2027 804 2078 cruoris.

79 2092 128 2140 115
139 2093 177 2141 Ae
188 2091 251 2141 dum
263 2094 308 2142 vix
319 2094 413 2155 oeulis,
423 2095 468 2143 vix
481 2093 595 2144 eredunt
604 2095 758 2158 mentibus,
770 2095 862 2146 hostffl

139 2160 275 2210 confisum
288 2162 360 2212 nulio
371 2163 519 2213 comitante
529 2164 680 2229 irrumpere
692 2167 786 2227 tectis,
809 2174 813 2179 '

139 2228 191 2278 Per
207 2230 324 2279 mediam
340 2246 457 2296 propere
473 2231 658 2298 trepidantum
674 2235 818 2286 interritus
830 2244 865 2282 or·

609 2301 672 2351 bem

139 2369 203 2436 Egit
213 2382 325 2435 equum,
340 2368 507 2435 adversaque
520 2371 606 2421 evasit
617 2370 651 2420 ad
664 2373 778 2438 agmina
787 2380 865 2438 pona

140 2438 210 2488 Hinc
220 2438 318 2488 ardore
330 2439 389 2504 pari
401 2440 512 2505 nisuque
522 2440 662 2490 incurrere
673 2442 761 2492 muris

77 2503 127 2551 iso
139 2505 284 2571 ignescunt
295 2509 385 2571 animi,
397 2513 593 2574 penetrataque
604 2513 680 2558 tecta
690 2510 794 2561 subire.

134 2573 203 2626 Teio
223 2576 304 2628 simul
325 2575 508 2645 flammaeque
524 2578 639 2656 micant.
656 2579 754 2691 Χῦ’1555
776 2588 867 2630 saxeos

555 2674 557 2679 .
623 2658 663 2691 im
682 2656 713 2691 er

113 2721 241 2793 Ingruit,
258 2705 859 2775 515515551555555555155555555555,
