1920 2962
146 191 182 243 46
341 186 369 235 C.
399 181 502 234 SlLll
529 181 691 233 lrshtcl

148 307 289 360 Effodiunt
298 305 405 370 ponitus
414 310 501 354 terret
516 300 689 369 gaudentque
700 300 814 367 superbi

148 376 268 429 Victoris
281 372 410 439 praedam
419 371 534 422 flammis
546 370 648 421 donare
660 370 805 437 supremis.

152 446 227 506 Quae
238 448 384 509 postquam
396 446 527 507 congesta
538 439 612 489 ridet
621 438 714 490 feralis
725 439 859 505 Erinnys,

91 514 140 564 610
152 512 308 577 Lampada‚
327 508 494 562 flammiferis
507 509 621 558 tinctam
636 505 849 575 Phlegethontis
862 510 890 559 in

621 577 710 638 undis,

153 651 286 710 quaeat,
298 655 327 698 et
335 647 443 698 inferna
454 644 575 712 Superos
586 644 700 711 caligine
712 644 817 697 condit.

151 718 216 768 lnde
228 732 296 783 opus
308 717 445 783 aggressi,
456 721 517 766 toto
530 713 603 781 quod
613 714 703 765 nobile
713 714 818 765 mundo

151 789 297 838 Aeternum
306 787 413 835 inrictis
423 783 516 835 infelix
527 784 615 851 gloria
623 790 723 833 servat.

151 857 282 922 Princeps
293 853 456 920 Tisiphone,
467 854 570 905 lentum
580 852 721 918 indignata
736 857 891 917 parentem,

92 925 141 975 615
152 926 257 976 Pressit
276 939 359 974 ovans
381 923 519 989 capulum,
540 926 770 987 cunctantemque
782 920 891 988 impulit

622 1004 714 1041 ensem

152 1063 189 1111 Et
198 1061 285 1109 dirum
295 1058 416 1106 insonuit
427 1055 524 1122 Stygio
535 1056 577 1106 bis
588 1061 685 1125 terque
697 1024 818 1125 il’sgallo.
916 1068 919 1073 '

152 1130 255 1179 inritas
266 1125 404 1175 maculant
416 1130 533 1190 cognato
545 1129 676 1193 sanguine
687 1128 810 1189 dextras,

152 1198 340 1260 Miranturque
351 1192 428 1244 nefas
439 1208 534 1243 aversa
545 1202 635 1248 mente
646 1202 799 1264 peractum,

154 1269 189 1316 Et
198 1265 273 1315 lactis
284 1262 380 1312 sceleri
389 1263 558 1314 illacrimarit.
589 1265 656 1327 Hic,
669 1264 794 1315 turbidus
805 1267 860 1327 ira,

93 1336 143 1385 6211
157 1336 192 1384 Et
202 1333 277 1383 rabie
290 1330 409 1393 cladum,
421 1347 620 1401 perpessaeque
630 1333 727 1384 ultima
736 1335 823 1397 utne,

154 1403 285 1467 Obliquos
296 1406 387 1450 versat
399 1408 522 1453 materna
532 1418 581 1470 per
592 1403 677 1454 ubera
686 1404 773 1453 risus:

153 1473 215 1531 llic,
227 1475 333 1535 raptam
344 1470 444 1521 librans
456 1471 571 1523 dilectae
581 1474 609 1522 in
621 1472 692 1522 colla
703 1473 823 1523 securim

154 1540 294 1605 Coniugis,
305 1540 451 1606 increpitat
461 1556 535 1603 sese,
546 1541 717 1608 mediumque
728 1539 854 1591 furorem

152 1610 280 1659 Proiecta
291 1608 402 1661 damnat
411 1608 581 1676 stupefactus
591 1610 713 1660 membra
721 1609 844 1675 bipenni.

92 1678 141 1729 bro
154 1678 211 1728 Nec
223 1685 313 1728 tamen
325 1681 443 1730 erasisse
454 1679 541 1729 datur.
565 1676 635 1726 Nam
645 1678 761 1727 verbera
770 1680 891 1747 Erinnys

153 1749 266 1809 incutit,
280 1754 360 1815 atque
373 1754 448 1798 atros
457 1744 577 1796 insibilat
588 1760 635 1795 ore
645 1750 776 1796 tumores.

153 1817 197 1870 Sic
208 1815 319 1868 thalami
330 1818 400 1884 fugit
411 1816 497 1866 omnis
510 1829 598 1864 amor:
610 1814 755 1881 dulcesque
765 1820 867 1869 marito

153 1887 289 1938 Effluxere
300 1889 368 1947 tori,
381 1892 408 1937 et
419 1884 525 1935 subiere
538 1884 638 1935 oblivia
649 1884 754 1935 taedae.

153 1957 195 2006 lile
205 1959 284 2018 iacit,
296 1957 361 2005 totis
373 1955 499 2003 connisus
510 1954 625 2015 viribus,
637 1969 748 2021 aegrum

93 2024 141 2073 11311
153 2027 183 2075 ln
196 2025 318 2075 flammas
329 2036 441 2085 corpus,
453 2020 565 2071 densum
578 2038 631 2089 qua
641 2023 748 2074 turbine
758 2024 838 2092 nigro

151 2094 280 2144 Exundat
291 2091 394 2141 fumum
404 2090 497 2153 piceus
510 2091 623 2158 caligine
635 2100 738 2143 vertex.

151 2166 185 2213 ,11
196 2163 300 2212 medios
312 2160 383 2207 inter
394 2164 488 2208 coetus
501 2161 602 2224 pietate
613 2162 730 2224 sinistra,

152 2231 248 2281 lnfclix
259 2226 430 2292 Tymbrene,
443 2226 522 2290 furis,
534 2230 681 2298 Poenoque
693 2232 814 2297 parentis

153 2302 223 2349 Dum
236 2309 368 2362 properas
379 2293 486 2346 auferre
498 2312 607 2361 necem,
620 2300 762 2351 reddentia
772 2299 888 2351 sormam

92 2368 141 2418 oet
154 2371 210 2418 Ora
221 2371 296 2415 tuam
306 2365 420 2425 lacoras,
431 2370 602 2435 temerasque
613 2370 746 2420 simillima
757 2370 868 2421 membr

152 2438 210 2487 Vos
223 2434 304 2484 etiam
314 2436 399 2499 primo
410 2436 509 2501 gemini
521 2439 656 2490 cecidistis
666 2441 692 2488 in
707 2454 783 2500 aevo,

152 2501 457 2568 Eurymedonfratrcm,
470 2505 827 2573 etsratremmentitcbyco

155 2575 259 2623 Cuncta
268 2587 362 2638 pares3
375 2573 514 2642 dulcisque
524 2576 602 2626 labor
611 2591 661 2627 sua
671 2579 806 2627 nominar

152 2642 289 2704 Reddere,
302 2647 329 2692 ot
338 2643 365 2692 in
376 2643 451 2693 vultu
460 2646 592 2711 genetrici
602 2651 675 2695 stare
686 2661 792 2696 suorun·

67 2710 136 2773 ,640
146 2712 203 2760 Iam
213 2712 287 2764 tirus
296 2712 392 2784 iugulo
404 2713 525 2783 culpate
537 2713 656 2766 solverat
666 2715 735 2765 ensis
