1920 2962
159 195 192 244 32
349 193 376 240 C.
406 188 510 240 SlLll
540 187 702 239 lTALlGl

159 312 349 376 Deficiensque
361 325 456 359 manus
467 306 612 376 pharetrae
623 322 673 357 sua
683 306 738 356 tela
754 305 868 359 remisit.

159 385 192 433 At
203 386 281 447 pater
289 382 317 429 in
328 381 436 447 gemino
448 384 573 428 natorum
585 375 680 425 funere
689 376 804 439 Mopsus

160 453 307 515 Correptos
319 465 398 499 arcus
408 455 451 498 ter
461 451 567 497 maesta
577 446 663 494 movit
674 444 707 492 ab
718 445 772 492 ira:

99 522 149 570 140
162 521 219 569 Ter
230 520 329 569 cecidit
338 519 448 578 dextra,
465 522 493 565 et
503 521 583 564 notas
595 512 674 561 dolor
684 511 797 561 abstulit
814 517 896 564 artos.

159 591 286 639 Poenitet
296 586 361 639 heul
380 601 441 636 sero
454 584 546 634 dulces
558 582 666 647 liquisse
678 587 801 646 penates,

158 661 327 724 Arreptoque
340 654 426 716 avide,
437 667 490 720 quo
503 651 632 711 concidis,
644 651 735 710 lcare,
747 662 826 712 saxo,

159 729 310 793 Postquam
333 739 430 774 aevum
454 723 545 772 senior
570 733 753 837 percpssaque
781 727 897 785 pectora

646 794 736 838 rustra

161 866 258 927 Sentit,
271 870 307 926 et,
318 869 349 912 ut
359 867 452 911 tantos
464 864 621 924 compescat
632 864 720 907 morte
732 856 854 919 dolores,

102 937 152 986 145
166 936 210 985 Nil
220 936 279 1000 opis
288 935 315 981 in
326 932 432 989 dextra,
445 933 540 977 vastae
551 941 580 976 se
592 926 707 976 culmine
719 928 803 977 turris

161 1003 343 1065 Praecipitem
355 998 430 1057 iacit,
441 1001 469 1044 et
480 995 605 1060 delapsus
616 995 736 1060 pondere
749 1010 838 1059 prono

161 1071 286 1122 Membra
296 1081 377 1131 super
388 1064 446 1114 nati
456 1063 632 1114 moribundos
643 1064 762 1130 explicat
777 1070 864 1115 artus.

162 1143 233 1191 Dum
246 1138 319 1188 cadit
328 1140 441 1185 externo
455 1132 606 1198 Gortynius
618 1133 722 1183 advena
732 1132 815 1195 bello,

160 1213 218 1261 lam
230 1222 301 1257 nova
311 1205 420 1254 molitus
431 1202 569 1252 stimulato
580 1203 664 1252 milite
677 1199 798 1263 Theron,

102 1282 152 1330 150
163 1279 272 1330 Alcidae
282 1273 376 1337 templi
387 1276 488 1334 custos,
500 1287 617 1338 araeque
627 1270 765 1330 sacerdos,

162 1348 223 1398 Non
235 1347 424 1409 exspectatum
435 1342 528 1406 Tyriis
540 1341 675 1392 effuderat
685 1353 792 1408 agmen,

163 1418 198 1467 Et
209 1415 269 1465 fera
279 1411 412 1461 miscebat
422 1417 545 1462 reserata
555 1413 660 1477 proelia
669 1417 758 1477 porta.

163 1488 248 1551 Atque
258 1483 295 1531 illi
307 1497 360 1530 mm
371 1478 450 1530 hasta
461 1496 550 1544 manu,
562 1496 616 1531 non
627 1482 729 1530 vertice
742 1481 840 1544 cassis,

163 1553 226 1613 Sed,
239 1553 303 1601 heus
314 1551 375 1599 latis
387 1548 505 1601 humeris
517 1557 545 1600 et
556 1550 627 1600 mole
639 1551 773 1608 iuventae,

103 1624 152 1672 155
166 1623 278 1689 Agmina
288 1620 414 1670 vastabat
426 1620 511 1681 clava,
524 1618 589 1669 nihil
600 1618 706 1683 indigus
721 1618 802 1668 ensis.

163 1692 285 1742 Exuviae
298 1690 380 1755 capiti
390 1691 545 1755 impositae,
557 1688 728 1753 tegimenque
739 1685 839 1752 leonis,

163 1761 324 1811 Terribilem
337 1759 464 1811 attollunt
476 1757 585 1809 excelso
598 1755 700 1804 vertice
711 1754 819 1804 rictum.

162 1827 901 1896 CentumanguesidemLernaeaquemonstragerebat

163 1902 193 1949 ln
207 1901 303 1964 clipeo,
315 1906 342 1949 et
353 1899 435 1948 sectis
448 1898 584 1962 geminam
590 1893 760 1960 serpentibus
772 1889 900 1958 hydram.

102 1967 153 2017 too
164 1969 212 2018 llle
225 1970 328 2028 lubam,
340 1966 534 2030 Thapsumque
545 1968 665 2026 patrem,
678 1962 835 2028 clarumque
848 1966 901 2016 Μὶ.

634 2044 737 2078 orsam

162 2103 277 2153 Nomine
285 2104 336 2161 am',
343 2102 523 2162 Maurumque
530 2095 627 2159 Sacen,
638 2045 799 2149 ahoenibus
810 2108 898 2167 actos,

161 2173 343 2236 palantesque
355 2168 429 2233 fuga,
440 2180 572 2231 praeceps
584 2168 617 2215 ad
628 2167 710 2217 litora
720 2183 801 2218 cursu

161 2243 273 2308 Egerat‚
287 2244 367 2302 atque
376 2250 431 2284 una
442 2235 605 2298 spumabant
615 2251 734 2304 aequora
744 2237 853 2290 dextra.

162 2310 219 2360 Nec
231 2309 375 2359 contentus
387 2303 427 2352 ldi
437 2303 502 2364 leto,
515 2304 623 2373 letoque
635 2305 774 2367 Cothonis,

103 2378 151 2427 165
162 2373 403 2428 Mannandaenec
412 2373 902 2443 caedellothimeceaedelugurthaop

160 2447 277 2509 Asbytes
290 2455 398 2490 currum
410 2447 438 2492 et
447 2443 577 2495 radiantis
590 2447 710 2513 tegmina
721 2445 816 2494 laenae

160 2510 297 2564 Poscebat
308 2512 386 2573 votis,
399 2519 588 2581 gemmataque
598 2515 699 2564 lumina
708 2513 808 2579 peltae,
885 2538 893 2545 -

161 2584 248 2646 Atque
258 2581 285 2628 in
296 2579 427 2649 belligera
437 2583 565 2634 versabat
574 2585 677 2650 virgine
689 2587 816 2633 mentem.
864 2622 868 2627 .

158 2650 245 2710 Quem
256 2664 338 2702 ruere
350 2657 381 2702 ut
390 2652 444 2704 telo
455 2653 524 2703 vidit
532 2655 628 2720 regina
638 2656 761 2711 cruento,
852 2674 855 2679 ·
870 2650 897 2697 ἐπ’.

30 2776 43 2797 ᾗ
81 2719 135 2766 170
149 2719 287 2790 obliquos
298 2722 453 2797 detorquet
464 2721 800 2793 equos,laenumqueper
810 2718 902 2769 M
