1920 2962
64 120 68 125 ’
151 120 411 175 'PUNICORUM
439 123 519 177 LlB.
550 125 611 177 vll.
717 127 768 176 14¹1

40 255 103 292 rma
112 247 175 293 toro
188 248 216 294 et
225 248 321 293 notum
331 244 481 310 quaerebat
490 242 611 294 fervidus
622 259 714 294 ensem

40 311 95 362 {uic
104 311 205 380 Mago,
216 313 327 362 inversa
337 313 462 379 quatiens
473 318 504 363 ut
515 312 627 380 dispulit
638 311 718 363 basta

42 379 173 431 clientem
184 395 323 432 somnum:
335 381 479 444 Tenebris,
490 380 640 432 fortissime
651 382 758 445 ductor,

40 463 79 501 res
92 464 254 516 compesce,
265 455 347 517 atque
358 451 386 501 in
395 450 485 501 lucem
495 451 601 518 proelia
611 450 699 502 differ.
768 449 826 507 ,330

41 519 58 570 d
69 517 211 582 fraudem,
227 518 417 586 occultamque
428 518 537 587 fugam,
549 525 678 588 tutosque
689 535 765 572 rece·
837 545 842 553 ·

498 594 561 653 ptus
608 628 625 648 ,

40 655 100 707 {unc
110 661 194 707 nocte
205 656 338 708 utendum
347 663 399 708 est.
408 658 524 714 Arentes
534 663 646 708 nectere
652 656 766 709 frondes

42 724 171 789 crnibus,
183 731 212 776 et
222 725 284 776 latis
295 740 414 776 accensa
421 727 569 777 immittere
581 726 662 785 silvis,

40 799 163 858 rmenta,
176 796 297 862 oppositi
306 800 431 845 reserent
441 810 494 862 quo
507 795 627 845 claustra
636 795 756 863 manipli,

40 865 174 915 'normanus
185 869 278 932 parat,
291 869 373 930 atque
386 864 499 914 obsessa
510 864 626 916 evellere
638 869 737 915 castra.
773 862 824 915 335

40 946 214 1002 mergamum
227 938 255 984 et
265 930 310 984 bic
320 932 409 984 Fabio
419 933 588 1000 persuadeat
598 939 683 996 astus,

40 1001 81 1054 'on
91 1007 200 1054 certare
211 1002 289 1053 dolis.
301 1000 375 1053 Nihil
385 999 448 1053 binc
460 1007 617 1066 cunctante,
630 1002 679 1054 scd
692 1004 764 1054 acris
817 1038 820 1043 »

40 1072 125 1139 ncepti
136 1071 212 1135 laeto
222 1073 336 1135 iuvene,
349 1071 383 1122 ad
394 1073 515 1123 tentoria
528 1071 666 1124 Acherrae

41 1141 175 1194 estinant:
188 1142 232 1191 eui
242 1155 327 1207 parce
338 1142 423 1208 quies,
434 1142 629 1208 minimumque
641 1142 763 1208 soporis,

40 1209 78 1262 'ec
88 1215 185 1262 notum
196 1224 293 1261 somno
304 1216 400 1262 noctes
413 1209 645 1279 aequare:ieroci
771 1212 823 1260 240

40 1278 138 1348 ervigii
147 1279 300 1331 inseruibat
309 1295 395 1347 equo,
405 1279 562 1348 sessumque
574 1280 683 1331 levabat

42 1348 194 1410 sectando,
207 1354 236 1399 et
245 1348 330 1400 frenis
342 1365 392 1400 cra
401 1351 542 1417 exagitata
552 1348 673 1400 fovebat.

40 1418 133 1470 isacii
141 1425 277 1470 renovent
286 1419 355 1482 tela,
367 1425 543 1486 arentemque
556 1435 683 1471 cruorem

40 1502 105 1541 erro
116 1487 276 1554 detergunt,
289 1495 317 1540 et
328 1489 395 1540 dant
406 1488 581 1539 mucronibus
592 1490 656 1540 iras.

40 1557 91 1619 ‚uid
100 1556 215 1608 fortuna
224 1557 279 1609 loci
290 1565 401 1624 poscat,
415 1558 488 1626 quod
499 1564 621 1624 tempus,
633 1564 661 1609 ct
672 1559 725 1624 ipsi
771 1557 821 1606 345

40 1641 170 1686 caenam·
181 1628 298 1694 agitent,
317 1628 452 1694 pandunt;
469 1634 497 1678 et
512 1629 618 1692 coeptis
633 1629 673 1678 ire
685 1628 761 1676 mini·

495 1702 582 1747 strum

40 1766 101 1818 [aud
113 1780 226 1834 segnem
236 1762 372 1816 hortatur.
383 1765 523 1814 Discum‘t
532 1769 640 1814 tessera
649 1765 761 1813 castris:

40 1837 171 1904 itentique
192 1835 306 1896 docent,
328 1849 397 1901 quae
417 1834 472 1884 sint
497 1830 684 1900 properanda,
703 1846 761 1881 mo-

495 1907 562 1952 nent
579 1916 614 1952 ue

40 1975 140 2042 rusque
152 1989 231 2024 suos:
242 1918 639 2039 instattrepidisstinulnltque
651 1977 761 2022 ruentes

43 2058 113 2095 orus
125 2043 202 2094 abire
212 2043 304 2106 timor,
315 2043 380 2093 dum
391 2057 476 2093 caeca
488 2042 604 2104 silentia,
617 2041 735 2109 dumque
771 2040 822 2091 350

40 2113 137 2165 [aiones
148 2113 270 2164 umbrae.
290 2112 397 2179 Rapido
406 2113 462 2163 iam
474 2110 584 2163 subdita
595 2116 673 2178 peste

40 2182 158 2251 irgulta,
171 2186 254 2249 atque
265 2183 327 2232 altis
340 2186 480 2250 surgunte
503 2181 630 2232 cornibus
638 2182 726 2248 ignes.

41 2253 68 2304 ic
78 2267 148 2304 reto
157 2257 203 2313 ut,
213 2251 424 2318 gliscentemulo
437 2256 466 2302 et
476 2250 667 2318 quassantibus
678 2265 763 2317 aegra

40 2323 153 2374 rmentis
165 2322 271 2387 capite,
283 2321 393 2373 adiutae
404 2322 583 2388 pinguescere
595 2317 722 2370 flammae

40 2406 156 2460 cepere,
167 2396 196 2441 et
204 2392 316 2442 vincens
326 2389 417 2441 fumos
429 2404 572 2455 erumpere
583 2393 692 2438 vertex:
770 2387 820 2436 355

40 2477 69 2513 er
79 2461 166 2512 colles
180 2460 340 2526 dumosque,
351 2460 421 2523 (lues
433 2474 449 2508 a
469 2460 489 2508 't
501 2461 574 2521 atra)
586 2472 635 2524 pcr
646 2457 718 2507 altos

40 2532 114 2583 exosi
127 2530 257 2596 scopulos
267 2531 369 2580 montis
379 2529 454 2595 iymp
476 2533 523 2577 ata
534 2526 661 2578 feruntur

40 2615 141 2668 orpora
153 2598 352 2665 anhelaboum,
365 2605 450 2671 utque
462 2594 791 2660 obsessisnar'ibus'ngiix

40 2674 165 2720 rctantur
173 2667 283 2725 frustra
294 2673 389 2728 rabidi
401 2674 521 2747 mugire
529 2670 706 2791 iurene}-U
