1920 2962
232 170 484 223 PUNlCORUM
513 172 593 224 LlB.
618 173 652 224 X.
754 176 812 227 Μ

64 292 211 345 Abduxere
223 291 332 360 gradus.
369 291 405 342 Ut
415 288 504 342 laetus
515 291 584 344 ualle
594 302 701 346 remota

66 365 135 414 Cum
147 376 274 429 capream
284 367 399 411 venator
409 362 474 427 agit,
485 360 640 429 fessamque
650 366 802 434 propinqua

63 431 221 498 Insequitur
232 445 322 491 cursu,
335 435 363 479 et
373 435 467 496 sperat
476 431 531 480 iam
542 437 656 498 tangere
667 434 772 498 dextra,
830 434 863 486 2⁰

66 498 96 552 Si
106 497 182 551 ierus
192 499 308 549 adversa
320 498 439 550 subitum
450 515 480 551 se
492 499 607 566 protulit
618 508 707 564 antra,

63 570 104 621 Et
115 570 193 620 stetit
203 575 266 619 ante
277 568 372 619 oculos
384 567 512 620 frendens
521 569 576 631 lec,
587 570 688 623 deserit
699 587 754 623 aaa

63 639 103 690 Et
115 637 200 699 calor,
211 645 239 688 et
249 638 372 704 sanguis,
385 643 413 688 et
424 637 480 688 tela
491 640 598 689 minora
609 641 725 707 pericla:

62 707 125 759 Nec
134 709 188 761 iam
200 712 326 773 speratae
338 722 405 758 cura
417 708 496 757 estin
507 715 621 775 pectere
631 710 758 776 praedae.

62 775 144 828 Nune
153 778 181 826 ia
192 781 328 827 restantes
339 790 497 826 mucronem
509 780 659 830 comminus
669 786 758 846 urget,
830 777 862 829 25

62 845 144 899 Nunc
155 846 277 912 trepidos
290 859 322 895 ae
333 850 413 912 terga
423 845 496 896 aiala
505 845 651 899 foraridine
662 863 757 899 versos

61 915 222 983 Assequitur
232 914 303 967 telis.
339 915 453 977 Furere,
465 929 497 965 ac
509 914 641 968 decorare
653 917 770 980 labores,

61 985 99 1036 Et
110 985 217 1034 saevire
227 985 319 1033 iuvat:
331 983 406 1034 eadit
415 985 511 1051 ingens
520 987 637 1036 neminis
649 1000 747 1053 expers

61 1054 114 1106 Uni
125 1052 207 1104 turba
215 1055 288 1104 aire:
301 1064 383 1120 atque
394 1053 464 1104 alter
473 1056 497 1104 si
508 1054 624 1105 daturin
636 1057 718 1106 armis

60 1122 173 1174 Paullus
184 1122 341 1182 Dardaniis,
354 1123 483 1172 amittant
492 1126 603 1175 numina
613 1125 730 1175 Cannae.
828 1125 861 1175 30

61 1193 188 1244 Tandem
199 1190 330 1241 inclinata
342 1205 428 1240 carna
439 1193 497 1242 sine
508 1207 584 1243 mare
594 1193 692 1243 ruebat

60 1262 156 1314 Prima
166 1261 250 1321 acies,
260 1274 314 1309 nan
325 1274 409 1325 parea
418 1258 509 1328 fugae.
533 1260 672 1312 Labienus
683 1263 800 1314 et0c1is

61 1329 227 1383 Sternuntur
236 1329 292 1380 leta
304 1337 385 1396 atque
399 1330 508 1396 Opiter,
520 1347 587 1397 quas
599 1328 674 1383 Setia
686 1331 755 1384 calle

60 1400 189 1462 Vitiiera,
201 1398 280 1449 celsis
291 1398 441 1449 Labienum
454 1401 567 1467 Cingula
577 1415 644 1452 saxa

59 1471 194 1522 Miserunt
204 1472 296 1519 muris.
333 1469 422 1519 lunxit
433 1468 493 1520 fera
502 1477 627 1539 tempora
636 1469 683 1522 leti
825 1471 858 1522 35

61 1537 189 1605 ¹Sidonius
200 1554 253 1588 nan
267 1538 397 1590 consimili
409 1539 563 1590 discrimine
574 1540 665 1591 miles:

59 1608 130 1661 Nam
141 1606 280 1659 Labienus
293 1607 351 1657 obit
362 1615 523 1674 penetrante
534 1625 583 1674 per
592 1610 640 1660 ilia
653 1623 753 1673 carn03

59 1678 182 1741 Fratres,
195 1675 369 1739 hiebumera,
381 1677 516 1739 cecidere,
527 1677 571 1728 bic
578 1678 690 1745 poplite,
702 1679 798 1728 caesis.

60 1748 177 1815 oppetis
189 1752 217 1797 et
228 1748 315 1812 Tyria
327 1761 410 1813 super
419 1748 531 1813 inguina
541 1748 595 1797 fixe
605 1754 702 1796 veruta

57 1817 217 1877 Maecenas,
228 1817 271 1866 cui
281 1815 574 1866 Maeoniavcnerabile
585 1821 668 1875 terra,
825 1816 858 1865 40

56 1887 96 1939 Et
107 1886 225 1952 sceptris
235 1885 300 1936 alim
312 1883 480 1934 celebratum
491 1898 590 1934 nemen
600 1883 731 1935 Etruscis.

57 1955 115 2009 Per
123 1954 231 2006 medios
242 1955 341 2021 agitur,
352 1954 475 2020 proiecto
487 1952 554 2003 lucis
566 1967 659 2004 amare

58 2023 243 2077 Hannibalem
252 2023 380 2086 lustrans,
392 2023 511 2074 Paullus.
541 2021 607 2073 Sars
619 2038 674 2074 una
683 2024 790 2075 ridetur

59 2095 174 2162 Aspara,
184 2095 206 2144 si
218 2093 364 2143 accumbat
375 2092 488 2144 ductore
499 2093 646 2159 superstite
658 2093 760 2144 Peene.

61 2164 151 2226 Quam
168 2168 294 2215 metuam
309 2161 409 2212 malem
424 2164 524 2230 (neque
544 2164 630 2225 enim,
652 2166 799 2215 certamine

535 2237 635 2295 sumta,
822 2232 857 2281 45

58 2302 226 2368 'l'empestas
235 2306 314 2352 tanta
324 2306 352 2350 et
362 2298 453 2351 rabies
461 2302 570 2367 impune
581 2300 709 2365 fuissent)

57 2372 88 2422 ln
101 2369 201 2424 faciem
212 2369 304 2438 paridi
317 2369 384 2419 luno
396 2383 527 2421 conversa
536 2370 651 2432 Metelli,

59 2438 133 2502 Quid
142 2454 238 2501 vanos,
248 2439 347 2506 inquit,
359 2436 442 2488 Latio
452 2454 515 2505 spes
525 2440 606 2489 unica
618 2436 726 2498 Consul,

55 2510 257 2576 incassumque
267 2522 371 2568 moves,
382 2505 440 2556 iate
451 2513 591 2567 renuente,
601 2503 727 2557 furoresl

58 2574 89 2629 Si
99 2582 227 2644 superest
238 2576 357 2639 Paullus,
369 2581 475 2627 restant
485 2577 702 2645 leue'iaregna·¹
836 2571 880 2616 bb

57 2643 106 2696 Sin
115 2661 203 2709 secas,
214 2646 365 2700 Ausoniam
378 2653 477 2702 tecum
487 2645 591 2703 trabis.
606 2646 839 2700 trementem

49 2712 94 2763 Ta
104 2721 202 2767 contra
211 2717 354 2785 iuvenem,
368 2727 401 2775 et
413 2719 578 2794 caputbcc
587 2716 752 2775 abseibere
758 2705 860 2760 atim*
