1920 2962
134 175 185 226 340
331 173 359 223 G.
389 168 494 223 SlLll
522 171 691 223 mmet

134 295 215 346 Haec
227 294 299 344 inter
310 291 431 343 celerare
442 291 569 359 gradum,
587 291 740 360 coniungat
750 299 780 343 nt
790 306 870 355 arma,

135 362 337 413 Hasdrubalem
346 362 471 428 ignarum
483 361 568 411 cladis
578 362 761 426 praenuntius
772 361 849 413 affert

92 435 126 484 80
138 431 305 499 Explorator
315 445 405 497 equos.
435 429 537 496 Raptat
547 429 601 479 dux
614 429 696 480 obvia
707 432 795 498 sigua.

138 504 185 564 At,
198 507 342 568 postquam
355 504 478 565 optatam
487 498 575 549 laetus
587 500 751 566 contingere
762 514 871 568 pugnam

138 571 224 631 Vidit,
236 576 264 620 et
275 569 309 619 ad
320 569 405 619 letum
416 582 515 634 magno
527 568 666 618 venientia
676 583 761 619 curru

138 640 260 708 Agmina,
273 639 423 705 suspiciens
435 636 550 698 coelum,
563 634 640 686 Nihil·
648 637 775 703 amplius,
786 638 870 705 iuquit,

139 710 197 762 Vos
208 706 290 758 hodie
302 722 397 774 poeto,
410 704 514 772 Superi.
543 706 702 759 Protraxtia
715 707 751 758 ad
761 721 835 758 arma

95 779 128 830 85
141 777 221 839 Quod
232 775 373 844 profugos,
386 776 452 826 satis
464 781 514 826 est.
544 775 575 824 ln
586 774 685 826 dextra
696 782 793 827 cetera
804 774 870 826 nobit

140 847 227 909 Vota,
243 847 307 896 riri:
329 845 432 912 rapite,
448 845 501 908 ite,
519 858 626 910 precor.
656 845 751 897 Vocat
765 860 828 897 ecce
836 843 869 894 iu-

615 920 710 965 rentes

141 984 212 1034 Hinc
223 989 310 1048 pater,
322 981 384 1032 hinc
396 987 518 1048 patruus.
539 982 656 1102 Gemipa
667 997 683 1033 o
695 982 763 1035 mihi
774 983 869 1035 numina

633 1052 687 1114 elli,

140 1121 249 1182 Ducite,
256 1121 363 1184 adeste3
376 1135 484 1187 aequor.
495 1119 600 1188 Dignus
606 1122 778 1186 spectabitis,
784 1127 868 1173 autore

140 1191 272 1241 Praescia
281 1205 357 1240 mens
369 1188 447 1251 fallit,
458 1195 549 1240 restro
559 1190 615 1240 iam
625 1192 738 1242 nomine
751 1191 851 1249 caedes.

97 1262 130 1310 9⁰
143 1259 213 1310 Nam
225 1261 283 1326 quis
295 1260 348 1309 erit
358 1259 468 1309 tandem
481 1259 585 1325 campie
596 1259 703 1311 telluris
715 1261 833 1312 Hiberae

140 1326 264 1379 Beliaadi
274 1325 390 1377 moduni
400 1328 443 1377 En
454 1343 572 1394 unquam
584 1329 688 1381 lucebit
698 1332 728 1380 in
741 1330 806 1382 orbe

139 1395 188 1447 ille
201 1394 268 1456 dier,
280 1409 334 1461 quo
346 1400 374 1444 te
386 1409 532 1458 armorum,
545 1395 693 1466 Carthago,
705 1415 828 1451 meorum

139 1464 275 1531 Aspiciam
287 1464 392 1515 sonitus
402 1463 567 1534 admotaque
578 1467 651 1518 bella
660 1466 838 1521 trementem!

139 1534 268 1584 Dixerat:
281 1539 309 1583 ct
319 1549 418 1584 raucus
429 1535 554 1586 stridenti
565 1551 704 1589 murmure
718 1539 826 1607 clangor

98 1604 130 1654 95
141 1604 287 1668 increpuit.
325 1605 452 1654 Tenuere
464 1603 529 1656 feris
542 1606 708 1659 clamoribus
719 1614 801 1660 astra.
885 1654 889 1659 .

141 1675 325 1725 Concurrunt:
338 1679 522 1741 quantumque
533 1675 605 1741 rapit
615 1676 750 1729 violentia
760 1678 840 1745 ponti,

140 1744 177 1794 Et
187 1742 285 1805 Notus,
300 1748 328 1793 et
337 1742 451 1804 Boreas,
465 1750 493 1794 et
502 1744 680 1797 inexorabilia
690 1747 799 1809 Auster,

140 1813 206 1863 Cum
218 1817 346 1880 mergunt
357 1812 450 1879 plenas
461 1812 612 1864 tumefacta
621 1816 672 1866 sub
684 1815 866 1884 aequoraclas·

309 1914 323 1934 ι
613 1898 671 1950 ῧθδξ

139 1952 192 2000 Aut
204 1965 264 2000 cunr
275 1951 398 2001 letiferos
410 1952 562 2002 accendens
573 1950 660 2004 Sirius
670 1955 758 2022 ignes,

81 2021 130 2071 too
141 2019 243 2068 Torret
254 2017 426 2070 anhelantem
437 2022 525 2072 saeris
537 2022 680 2074 ardoribus
693 2025 803 2088 orbem;

139 2089 258 2136 Tantum
271 2090 344 2139 acies
355 2088 547 2158 hominumque
558 2090 638 2142 ferox
649 2093 790 2145 discordia
803 2091 865 2143 torro

139 2155 267 2206 Demetit.
298 2159 380 2208 Haud
391 2160 460 2210 ullus
471 2164 606 2212 terrarum
617 2165 745 2229 aequarit
755 2162 840 2214 hiatus

139 2225 296 2293 Pugnarum
308 2226 419 2278 damna:
442 2235 490 2279 aut
500 2233 606 2298 strages
618 2246 668 2296 per
684 2231 825 2299 inhospita
836 2230 867 2279 lu·

140 2366 263 2431 Unquam
274 2368 317 2415 tot
328 2338 434 2414 dederit
445 2366 535 2420 rabies
546 2306 685 2420 horrzhrrh
696 2369 824 2423 ferarum.

80 2431 128 2479 105
142 2433 198 2482 iarn
211 2435 299 2500 campi
310 2432 447 2501 vallesque
461 2437 579 2499 madent,
591 2435 778 2510 hebetataque
789 2439 847 2490 tela.

136 2501 176 2551 Et
187 2502 274 2569 Libya
287 2503 441 2554 occubuere
452 2510 481 2554 et
491 2514 614 2558 amantes
627 2509 726 2560 Martis
739 2509 840 2560 Hiberi.

130 2569 197 2625 Stat
208 2580 304 2628 tamen
314 2591 372 2628 una
379 2575 446 2626 ioco
456 2574 592 2643 perinanis
601 2577 697 2626 benaia
704 2580 799 2638 arania„

121 2644 337 2719 Luctaturque
353 2648 448 2711 acies,
471 2660 529 2713 qua
545 2641 884 2758 eoncut'qqkqpanrunmbw
