1920 2962
228 157 479 211 PUNICORUM
508 159 587 212 LlB.
618 160 679 213 xll.
764 161 827 243 ¹255

85 278 221 330 Exscindi
232 283 295 329 ante
307 279 401 331 oculos
413 281 503 346 patiar
514 280 629 331 socialia
637 278 730 332 tectai
835 281 887 332 500

85 347 150 400 Neu
160 349 201 398 ita
210 363 254 398 me
265 349 372 415 experti
381 349 483 400 Fabius
491 348 624 415 Fabiique
634 351 766 417 magister

86 417 250 480 Turbatam,
262 418 397 484 Hesperio
410 435 472 470 cum
485 417 592 469 clausos
602 417 687 469 milite
698 419 781 470 colles

85 487 170 539 Erasi
180 488 278 549 victor,
288 502 453 556 sparsosque
464 502 514 555 per
524 501 590 537 arva
599 487 730 537 iuvencos

83 557 195 608 lactare
207 558 330 608 accensis
342 557 478 608 stimulari
490 556 617 608 cornibus
628 557 714 623 ignes.

84 625 169 676 Haud
181 625 244 675 dum
256 641 351 677 omnes
362 626 454 679 abiere
466 626 529 678 doli.
558 624 803 677 Defenderenobis
835 628 885 678 505
924 620 928 631 “

84 693 115 746 Si
128 696 248 762 Capuam
260 700 384 762 ereptum
397 703 453 760 est,
470 695 580 747 dabitur
590 695 760 747 circumdare
772 697 824 748 Ro-

562 778 643 815 mam.

83 833 164 885 llaec
175 839 321 901 postquam
332 832 450 900 placita,
467 841 496 885 et
505 835 593 886 tenuit
603 834 742 885 sententia
750 849 824 885 men-

560 911 625 966 tem,

83 971 146 1022 Non
158 977 329 1039 exspectato,
343 973 425 1023 Titan
437 973 500 1024 dum
512 975 620 1041 gurgite
632 973 721 1023 lucem

84 1039 227 1107 spirantes
237 1041 376 1107 proferret
386 1057 479 1110 equos,
490 1044 604 1109 impellit
611 1045 640 1093 in
651 1057 749 1109 agmen

58 1164 61 1169 ,
83 1111 162 1163 Voce
172 1125 309 1177 manuque
320 1112 402 1174 viros,
414 1117 442 1162 et
453 1116 553 1178 coepta
562 1112 692 1162 immania
702 1111 809 1176 pauditr
833 1111 884 1163 510

82 1179 190 1246 Perge,
212 1193 279 1246 age,
299 1180 377 1230 vince
399 1195 524 1242 omnem,
545 1181 641 1243 miles,
663 1181 765 1230 virtute
785 1180 823 1231 la-

560 1250 670 1312 boreum

81 1321 128 1380 Et,
142 1322 272 1384 quantum
286 1314 396 1366 humani
407 1326 561 1384 possuntne
572 1318 686 1370 tendere
698 1333 804 1384 passus,

82 1387 190 1439 Arduus
203 1386 335 1437 accelera.
364 1387 480 1449 Romam
489 1391 568 1456 petis.
597 1389 661 1439 Hoc
671 1388 824 1455 iterAlpes‚

82 1459 147 1508 Hoc
160 1458 269 1508 Cannae
281 1460 404 1508 stravere
413 1457 469 1508 tihi.
499 1459 560 1521 Eia,
571 1459 663 1508 incute
674 1459 758 1509 muris

82 1526 237 1579 Umbonem
249 1527 348 1588 lliacis,
360 1528 524 1594 Capuaeque
536 1527 656 1594 repende
666 1528 773 1592 ruinas3
833 1527 884 1579 515

84 1598 174 1659 Quam
183 1597 254 1647 tanti
265 1594 349 1645 fuerit
361 1595 468 1659 cadere,
481 1603 512 1647 ut
522 1597 630 1648 Palatia
642 1610 748 1657 cernas,

81 1667 121 1718 ut
130 1666 329 1733 demigrantem
341 1665 462 1731 Tarpeia
472 1666 536 1717 sede
550 1668 713 1716 Tonantem.

81 1737 209 1788 Instincti
223 1735 378 1803 glomerant
393 1749 510 1801 gressus.
537 1735 627 1785 Roma
637 1732 748 1784 auribus
759 1732 824 1786 haa-
846 1790 848 1793 ,

559 1807 611 1865 10¹,

81 1875 172 1925 Roma
183 1874 279 1924 oculis.
309 1872 482 1941 creduntque
491 1872 569 1924 ducis
580 1868 735 1922 sollertibus
745 1872 815 1924 actis

82 1945 178 2010 Aptius
187 1943 216 1993 id
228 1946 366 2010 coeptum,
380 1957 460 2011 quam
471 1943 495 1994 si
506 1943 629 1994 duxisset
640 1939 744 2007 abipso
833 1941 885 1993 520

80 2013 173 2064 Fatali
184 2012 318 2063 ‚leneadis
330 2027 436 2081 campo.
465 2012 601 2066 Vulturna
612 2012 698 2063 citata

83 2083 286 2133 Transmittunt
312 2081 374 2134 alno
392 2082 488 2147 rada,
513 2081 699 2150 postremique
725 2079 806 2133 reliu-

82 2221 238 2273 Tardandis
249 2220 325 2271 ltalia
337 2228 480 2289 corruptas
490 2223 553 2343 igne
565 2155 681 2272 chlrhhtas.
881 2236 883 2240 ⁴

82 2293 155 2342 Tum
167 2289 289 2342 Sidicina
299 2290 394 2358 legunt
404 2293 497 2357 pernic
525 2308 558 2343 us
568 2306 634 2342 arra
643 2289 779 2355 maniplis,

81 2360 296 2427 Threiciamque
308 2360 400 2422 Galen,
410 2366 516 2413 vestras
529 2376 546 2412 a
556 2362 665 2412 nomine
676 2358 744 2421 uati,
832 2358 883 2409 525

81 2428 221 2496 Orithyia,
233 2430 339 2480 domos.
363 2430 436 2481 Hinc
447 2429 578 2480 Allifanus
589 2425 689 2481 laccho

79 2499 165 2550 Haud
180 2500 318 2550 inamatus
334 2513 413 2567 ager,
429 2496 616 2565 Nymphisque
631 2495 758 2549 habitata
773 2499 823 2550 ca·

252 2590 254 2594 ¹
560 2584 628 2620 sums

74 2637 152 2687 Rura
164 2643 342 2690 cunctantur:
353 2654 421 2693 mox
431 2646 463 2694 et
472 2642 585 2695 vicinus
599 2639 739 2710 hquiuaa,

64 2703 113 2764 Et,
126 2720 198 2770 ⁹⁰³⁶
208 2705 368 2766 fumantem
383 2720 489 2769 texere
500 2701 813 2787 gigantasreachm
