1920 2962
196 135 449 190 PuNicoltuM
475 136 556 192 LIB.
580 140 641 194 Vll.
657 205 658 208 Ἴ
744 142 794 194 lit

53 257 224 313 condiscens
237 256 336 319 oeulis,
346 256 417 320 ibat,
429 257 546 326 lucoque
555 258 664 312 ferebat

52 327 205 381 Praedicta
217 340 313 377 sacrae
322 327 438 394 vestigia
448 329 557 378 concita
566 328 685 396 plantae.

54 399 142 450 Parte
152 395 206 447 alia
214 393 336 445 intrabat
344 396 424 446 iussis
436 394 565 450 Saturnia
574 397 656 461 silvis,

57 465 193 519 Iudicium
203 462 321 531 Phrygis
333 468 361 514 et
371 462 458 515 fastus
469 466 587 531 pastoris
598 472 627 517 et
636 466 713 516 Idam
802 462 854 514 465

56 537 129 588 Post
138 533 231 584 fratris
240 532 330 583 latura
338 538 428 584 toros:
439 539 580 601 postrema
590 536 686 587 nitenti

56 601 247 656 Affulsitvultu
258 601 349 652 ridens
361 601 462 654 Venus.
483 603 581 655 Omnia
593 604 666 655 eirca

57 673 97 724 Et
106 685 220 722 nemora
230 671 369 738 etpenitus
380 669 516 723 frondosis
526 672 636 739 rupibus
648 677 727 723 antm

58 739 215 808 spirantem
224 754 304 790 sacro
316 745 460 790 traxerunt
469 743 571 794 vertice
584 741 705 793 odorem.

56 809 118 862 Nec
128 808 210 860 iudex
221 808 324 859 sedisse
335 808 552 879 valet3iessique
563 812 677 862 nitoris·
806 808 857 857 lto

58 879 138 931 Luce
151 877 252 928 cadunt
262 877 347 939 oculi,
358 892 390 927 ac
401 879 499 928 metuit
508 878 647 930 dubitasse
659 877 752 928 videri.

60 947 117 1000 Sed
127 947 218 997 vietae
229 945 290 996 iera
298 945 371 996 bella
380 945 458 998 Deae
470 961 570 999 vexere
582 963 631 1016 per
642 960 754 1014 aequor,

59 1019 148 1084 Atque
158 1016 312 1066 exeisasuo
323 1016 425 1082 pariter
435 1031 497 1067 cum
505 1017 595 1068 iudice
608 1018 694 1068 Troia
704 1020 753 1066 est.

61 1086 133 1136 Tum
145 1087 206 1151 pius
216 1084 337 1147 Aeneas,
347 1086 428 1136 terris
437 1086 556 1136 iactatus
567 1092 596 1136 et
604 1086 694 1147 undis,

62 1152 221 1205 Dardanias
231 1152 301 1202 ltala
311 1155 403 1219 posuit
412 1154 641 1206 tellurePenates.
807 1150 857 1200 4⁷5

59 1224 133 1275 Dum
145 1227 205 1273 uate
217 1227 302 1288 ponto
313 1206 533 1285 innabantfdum
544 1223 635 1274 sidera
646 1221 723 1274 coelo

59 1292 216 1353 Lucebunt,
228 1290 291 1340 1111111
304 1288 350 1340 Sol
360 1291 427 1342 ludo
439 1307 468 1344 se
480 1292 560 1344 litore
571 1292 658 1355 tollet,

58 1362 114 1414 ilie
124 1374 225 1429 regna,
234 1365 263 1410 et
270 1359 359 1411 nullae
369 1362 460 1429 regnis
470 1376 520 1430 per
530 1363 622 1413 secula
635 1367 734 1413 metae.

59 1433 94 1483 nt
103 1444 168 1491 ros,
181 1444 198 1480 ο
209 1434 303 1492 natae,
315 1431 400 1480 currit
410 1431 474 1481 dum
482 1430 619 1482 immobile
631 1432 714 1491 filum,

59 1499 197 1552 Hadriaci
206 1497 291 1566 fugite
300 1497 434 1550 infaustas
445 1497 557 1551 Sasonis
568 1515 678 1551 arenas:
808 1498 858 1546 480

60 1567 223 1638 sanguineis
233 1568 351 1618 tumidus
362 1574 446 1634 panto
456 1569 614 1620 miscebitur
623 1569 701 1620 undis

59 1638 188 1700 Aufidus,
204 1640 233 1687 et
240 1636 337 1688 rubrus
347 1638 469 1704 impellet
476 1640 503 1688 in
515 1653 635 1706 aequora
646 1637 757 1689 fluctus:

60 1706 350 1773 DamnatoqueDetlm
362 1707 498 1773 quondam
509 1722 559 1773 per
569 1707 691 1758 carmina
702 1719 799 1770 eampo

58 1776 175 1830 Aetolae
186 1788 279 1826 rursus
291 1777 406 1826 Teucris
416 1774 571 1842 pugnabitis
582 1775 704 1824 umbrae.

57 1847 167 1899 Punica
177 1844 325 1895 Romuleos
337 1845 459 1911 quatient
472 1858 537 1894 mox
548 1843 652 1912 spicula
662 1856 764 1902 muros,
809 1840 859 1891 485

57 1915 150 1970 Multa
168 1928 203 1964 ue
213 1912 395 1964 Hasdrubalis
404 1911 520 1980 fulgebit
532 1917 624 1980 strage
634 1912 784 1962 Metaurus.

58 1985 134 2036 Hinc
173 1981 301 2034 eeiurto
312 1982 420 2050 genitus
432 1983 575 2050 patruique
586 1981 672 2049 piabit

57 2053 137 2106 idem
147 2052 222 2103 ultor
232 2051 371 2118 patrisque
382 2064 491 2102 necem:
502 2058 560 2101 tum
571 2051 635 2103 litus
647 2050 752 2102 Elissae

57 2121 189 2190 Implebit
196 2119 325 2182 flammis,
336 2120 488 2188 auelletque
499 2120 569 2171 ltala
578 2119 701 2173 Poenum

58 2192 179 2245 Viscera
188 2193 354 2251 torrentem,
367 2196 396 2241 et
408 2191 523 2256 propriis
533 2189 673 2257 superabit
684 2191 711 2239 in
723 2189 787 2239 oris.
810 2187 861 2237 490
940 2210 943 2215 ·

57 2260 136 2312 iiuie
145 2257 284 2326 carthago
296 2259 392 2316 11111111,
402 2257 465 2309 huie
474 2257 567 2310 Africa
576 2261 684 2310 nomine
697 2257 787 2309 cedet.

57 2330 115 2382 llic
127 2327 206 2381 (labit
217 2341 251 2379 ex
263 2342 339 2389 sese,
351 2328 396 2394 qui
407 2328 490 2379 tertia
498 2327 568 2378 bella
580 2327 687 2395 fatiget,

58 2400 99 2451 Et
110 2400 233 2450 cinerem
242 2395 351 2462 Libyae
362 2395 437 2447 ierat
445 2397 473 2446 iu
485 2397 620 2463 capitolia
630 2397 727 2446 vietor.

59 2467 217 2530 Quaedam
228 2479 329 2516 arcana
339 2463 429 2515 Deum
440 2470 516 2516 vates
527 2465 628 2516 evolvit
635 2465 662 2515 in
675 2469 764 2524 antro,

59 2538 121 2590 lam
130 2536 237 2588 monita
248 2533 395 2585 etFabium
405 2533 522 2601 bellique
533 2535 712 2603 equitumque
719 2530 809 2597 111111-
835 2589 894 2640 Q

545 2611 604 2658 star

51 2673 182 2723 &uetat
190 2678 285 2725 mente
291 2709 300 2738 ‚
312 2689 348 2728 ac
360 2690 507 2747 praeceps
517 2670 853 2767 tentabatlnlxpsbm·
