1920 2962
169 148 222 203 los
373 147 402 198 C.
431 143 534 197 SILIl
562 143 731 197 linhlcl

168 269 206 321 Et
217 266 332 319 stimuli:
343 265 500 333 ferrumque
511 278 593 330 super
604 262 712 312 cervice
723 267 768 313 tre

168 336 270 388 Palluit
279 335 376 396 infelix
386 334 521 387 subducto
533 332 665 399 sanguino
678 330 768 382 Meum

169 407 227 459 Ora
237 406 310 472 rapit
319 404 411 474 gladia
420 441 428 466 ,
438 402 614 471 praefixaque
626 399 741 466 cuspide
753 416 768 467 p

108 477 160 528 105
171 477 206 527 At
216 490 299 526 saevo
310 474 437 526 Mavorte
448 472 527 524 ferox
536 471 689 538 perrumpit
699 467 768 520 anhs

169 544 300 596 Dictator
311 559 373 595 cum
383 541 468 594 caede
478 540 598 610 globum.
616 537 768 590 Miserabils

171 614 336 667 Vulneribus
345 612 447 664 fessum
459 625 491 661 oc
501 610 587 661 multo
597 607 708 659 labente
721 621 768 658 cru

167 682 321 733 Ductorem
332 682 420 733 cernit
430 695 559 748 suprema
569 694 602 729 ac
612 676 696 728 foeda
706 690 768 743 pret

168 752 318 803 Manavere
328 751 406 820 genis
416 749 560 810 lacrimae,
572 748 726 814 clypeoque
738 761 768 813 ps

108 822 159 870 110
170 821 306 889 Protegit,
318 825 354 883 et,
365 824 461 871 natum
466 817 618 879 stimulans,
629 815 768 867 Fortissin

169 890 250 942 Hanc
261 890 407 956 pellamus,
419 891 467 953 ait;
479 888 628 954 Poenoque
640 884 675 935 ob
686 884 767 934 mitia

170 958 250 1020 Quod
260 958 349 1008 nullos
358 959 460 1008 nostris
470 959 547 1024 ignes
558 954 718 1022 disperserit
728 968 768 1021 agr

167 1025 288 1094 Dignum
308 1025 493 1092 expendamus
519 1027 643 1091 pretium.
668 1025 762 1083 Tunc,

312 1107 315 1111 ·
644 1099 725 1143 terna

168 1165 207 1216 Ac
216 1164 332 1216 stimulis
342 1163 481 1231 gaudens,
491 1163 596 1213 iuvenis
607 1160 768 1212 circumdati

107 1232 158 1283 115
168 1235 283 1300 Agmina
293 1232 421 1283 deturbat
431 1231 537 1301 gladio,
550 1245 731 1297 campumque
744 1245 768 1281 rs

166 1301 265 1352 Donec
274 1298 402 1351 Sidonius
413 1300 561 1351 decederet
571 1313 690 1368 aequore
702 1298 768 1350 duct

169 1371 233 1431 Ceu,
245 1368 403 1420 stimulante
412 1368 494 1431 lame,
506 1371 598 1436 rapuit
608 1385 669 1420 cum
680 1370 766 1420 Marti

166 1440 269 1489 Averso
280 1442 392 1505 pastore
402 1438 495 1504 lupus,
507 1437 646 1506 fetumque
657 1444 768 1490 tremen

168 1508 224 1558 0re
235 1513 312 1559 tenet
322 1522 433 1574 press03
444 1514 516 1570 tum,
529 1511 551 1559 si
562 1510 678 1577 vestigia
689 1524 768 1560 cursu

105 1578 157 1629 110
169 1576 275 1628 Auditis
289 1577 391 1628 celeret
403 1577 540 1629 balatibus
552 1577 632 1628 obvia
643 1583 750 1644 pastor,

166 1647 225 1698 larn
234 1646 344 1698 sibimet
352 1653 491 1711 metuens,
502 1648 651 1714 spirantem
662 1646 768 1697 dentibr

167 1717 294 1769 Reieetat
304 1718 449 1784 praedam,
461 1724 490 1769 et
499 1731 588 1767 vacua
598 1715 669 1783 fugit
679 1730 764 1783 aeger

167 1788 239 1838 Tum
251 1788 359 1839 demum
371 1789 467 1850 terris,
479 1802 547 1854 quas
562 1784 768 1837 circumfuderat

167 1858 346 1924 Tempestas,
358 1855 472 1924 Stygiae
482 1855 593 1907 tandem
605 1853 701 1922 fugere
711 1859 768 1906 tens

105 1926 156 1976 121
168 1926 330 1993 Torpebant
341 1925 470 1988 dextrae,
482 1933 510 1977 et
521 1939 582 1977 sese
593 1924 726 1975 meruisse
737 1940 768 1975 ne

167 1993 292 2056 Servari,
303 1992 455 2060 subitisque
464 1995 543 2046 bonis
554 2010 630 2045 mens
642 2007 726 2061 aegra
736 2009 768 2044 no

166 2066 218 2125 Ut,
230 2063 275 2129 qui
287 2062 410 2130 collapsa
421 2065 507 2129 pressi
517 2065 628 2115 iacuere
639 2064 727 2125 ruina,

165 2133 254 2183 Ereta
265 2146 326 2181 cum
337 2132 427 2184 subito
439 2132 575 2195 membra,
587 2138 615 2182 et
624 2146 680 2182 nox
692 2137 754 2182 atra
764 2146 768 2182 1

167 2200 333 2263 Connivcnt‚
345 2201 486 2269 solemque
497 2208 599 2268 parent
609 2215 761 2268 agnoscere

105 2269 156 2321 130
169 2270 237 2330 Quis
248 2270 330 2329 actis,
342 2271 446 2333 senior,
457 2278 600 2321 numerato
611 2270 696 2320 milite
705 2269 768 2320 laeti

167 2337 256 2390 Colles
268 2343 296 2388 et
304 2342 366 2389 tuto
376 2338 520 2404 repetebat
528 2342 556 2390 in
568 2355 667 2408 aggere
679 2343 768 2390 castra

169 2409 244 2461 Ecce
254 2413 371 2460 auteme
381 2407 472 2458 media
481 2409 537 2459 iam
547 2416 636 2461 morte
648 2412 746 2459 renate
755 2409 768 2458 i

168 2477 321 2530 Clamorem
331 2476 430 2528 tollens
441 2477 475 2528 ad
487 2479 591 2540 sidera,
604 2484 633 2529 et
644 2477 739 2528 ordine
750 2476 768 2526 n

162 2546 337 2612 littoreas,
353 2546 522 2616 Fabiumque
539 2547 637 2609 decus,
648 2545 769 2664 {inpium

79 2685 136 2741 735
147 2691 312 2765 Certatim,
320 2701 353 2752 et
365 2683 768 2768 nragnamemorauantrces·
