1920 2962
179 165 228 216 358
375 163 406 215 C.
432 160 541 214 SlLll
568 161 736 215 lTALlCl

118 285 169 336 6²5
180 286 312 336 Arserunt
322 284 418 346 maria,
433 289 515 351 atque
528 284 639 350 expauit
648 283 752 334 lumina
761 282 876 336 Nereus.

179 354 305 406 Mansuri
316 368 429 420 compos
441 352 550 404 decoris
561 367 611 420 por
622 354 829 416 seculareetor,

180 424 314 475 Devictae
326 421 449 475 referens
462 424 563 489 primus
576 424 741 490 cognomina
751 429 854 485 terrae,
903 441 905 445 ⁴

183 493 303 546 Securus
314 494 426 559 sceptri,
439 493 540 559 repetit
551 507 600 559 per
611 493 722 543 caerula
733 493 861 555 Romam,

182 565 220 615 Et
230 564 320 632 patria
329 561 467 614 invehitur
478 562 586 614 sublimi
598 568 673 614 tecta
684 559 834 630 triumpho.

120 633 172 683 630
183 635 251 684 Ante
263 631 385 699 Syphax,
397 631 500 684 feretro
512 632 648 696 residens,
661 633 772 699 captiva
783 631 917 700 premebat

183 704 309 766 Lumina,
321 709 350 754 et
361 709 474 754 auratae
485 702 631 755 servabant
642 703 714 754 eolla
724 709 851 754 catenae.

182 774 236 824 Hic
245 773 375 837 Hannon,
388 773 508 841 clarique
519 788 604 840 genus
614 771 768 824 Phoenissa
778 774 896 834 iuventa,

185 844 220 894 Et
229 844 370 894 Macetum
381 844 474 910 primi,
487 848 569 910 atque
579 844 682 893 incocti
694 857 817 909 corpora
827 842 918 901 Mauri,

184 914 255 962 Tum
267 911 415 976 Nomados,
427 919 562 979 notusque
573 926 668 974 sacro,
681 927 744 962 cum
755 912 858 963 lustrat
869 925 918 962 are-

600 995 657 1041 nas,

122 1051 174 1103 635
187 1052 335 1103 Hammoni
347 1050 490 1111 Garamas,
503 1055 532 1100 et
542 1066 649 1118 semper
660 1049 799 1119 naufraga
809 1049 903 1116 Syrtis.

184 1123 252 1172 Mox
263 1122 350 1172 rictas
361 1120 476 1171 tendens
488 1119 627 1188 Carthago
639 1120 673 1170 ad
685 1120 780 1172 sidera
789 1121 891 1187 palmas

186 1192 255 1253 lbet,
267 1197 295 1241 et
306 1191 410 1258 effigies
422 1205 488 1241 orac
498 1191 553 1240 iam
564 1190 634 1242 lenis
646 1189 780 1251 Hiberae,

185 1262 335 1310 Terrarum
345 1260 406 1310 linis
420 1259 521 1322 Gades,
534 1275 567 1311 ac
577 1260 703 1311 laudibus
714 1259 781 1310 olim

184 1329 329 1379 Terminus
340 1329 484 1379 Herculeis
497 1329 590 1397 Calpe,
601 1331 750 1397 Baetisque
760 1329 855 1380 lavare

122 1397 174 1446 olo
186 1395 257 1447 Solis
268 1411 353 1463 equos
366 1396 438 1448 dulci
449 1405 598 1451 consuetus
610 1399 727 1451 fluminis
739 1399 824 1450 unda.

184 1465 410 1533 Frondosumque
422 1469 528 1535 apicem
540 1470 669 1539 subigens
682 1470 716 1521 ad
733 1470 828 1521 sidera
841 1471 921 1519 mater

184 1536 322 1587 Bellorum
334 1535 394 1589 iera
405 1539 524 1604 Pyrene,
536 1556 588 1592 nec
598 1542 671 1592 mitis
684 1541 818 1601 Hiberus,

186 1606 251 1656 Cum
263 1607 342 1657 simul
353 1607 434 1659 illidit
445 1614 539 1674 ponto,
553 1625 621 1677 quos
633 1610 734 1672 attulit,
747 1624 850 1660 amnes.

185 1673 240 1726 Sed
252 1692 306 1727 non
318 1676 373 1728 ulla
383 1679 470 1745 magis
483 1684 642 1746 mentesque
650 1679 800 1746 oculosque
807 1676 919 1733 tenebat,

122 1743 174 1794 645
188 1746 277 1807 Quam
288 1748 346 1798 visa
356 1747 518 1799 Hannibalis
531 1750 634 1815 campis
645 1748 775 1816 fugientis
787 1751 886 1815 imago.

184 1816 254 1880 lpse,
267 1817 378 1868 adstans
385 1833 477 1879 curru,
486 1819 798 1885 atqueaurodecoratus
807 1821 919 1873 etostro,

184 1886 285 1936 Martia
297 1887 448 1953 praebebat
459 1889 610 1954 spectanda
622 1889 774 1950 Quiritibus
787 1901 844 1938 ora.

186 1954 279 2015 Qualis
291 1956 414 2009 odoratis
425 1958 594 2010 descendens
607 1959 692 2010 Liber
704 1959 738 2008 ab
750 1958 825 2009 lodis

184 2023 249 2090 Egit
261 2027 420 2092 pampineos
432 2027 541 2078 frenata
552 2029 651 2096 tigride
664 2044 769 2078 currus.

122 2090 174 2140 tiso
186 2093 240 2143 Aut
252 2110 312 2144 cum
326 2094 493 2164 Phlegraeis,
508 2097 637 2150 confecta
647 2098 719 2149 mole
734 2097 890 2164 Gigantum,

185 2162 300 2213 lucessit
313 2167 415 2231 campis
426 2172 541 2234 tangens
555 2166 717 2234 Tirynthius
730 2174 816 2217 astra.

184 2229 273 2293 Salve,
284 2234 384 2284 invicte
398 2249 504 2300 parens,
516 2253 570 2288 non
583 2252 749 2288 concessure
762 2237 875 2298 Quirino

184 2301 333 2364 Laudibus,
346 2318 378 2354 ac
389 2305 492 2356 meritis
505 2322 559 2357 non
571 2322 737 2358 concessure
750 2305 872 2357 Camillo.

185 2370 242 2421 Neo
256 2387 330 2432 vero,
344 2389 406 2424 cum
416 2380 443 2425 te
454 2383 590 2427 memorat
601 2377 634 2428 de
645 2380 732 2442 stirpe
744 2376 877 2434 Deorum,

112 2439 170 2495 655
182 2441 296 2498 Prolem
307 2444 423 2516 Tarpeii
429 2446 560 2497 mentitur
569 2447 656 2498 Roma
667 2447 814 2498 Tonantis.

444 2625 651 2645 Μ
