1920 2962
148 182 199 234 tta
348 181 377 230 C.
407 177 511 230 SlLll
538 175 705 229 lTALlCl

147 300 228 362 Nate,
240 300 313 351 salus
326 298 463 365 quondam
474 298 614 365 genitoris,
626 302 700 358 nate,
712 299 837 364 parentis

148 371 185 421 Et
195 376 258 436 post
269 367 327 418 iata
337 368 429 428 decus,
440 367 573 417 bellorum
585 365 645 416 dira
657 367 779 417 creatrix

87 439 137 490 185
147 438 305 490 Evastanda
315 437 365 488 tibi
377 436 464 498 tellus,
477 442 505 486 et
517 435 600 486 caede
612 435 726 503 superbi

147 507 285 558 Ductores
295 505 403 572 Libyae
415 511 496 555 cauta
508 505 608 555 virtute
619 503 760 568 domandi,

149 578 203 638 Qui
214 592 264 628 sua
273 591 343 625 nune
354 576 432 626 trinis
443 573 574 625 diducunt
585 574 695 641 agmina
706 575 815 626 castris

149 646 178 697 Si
191 645 317 696 conferre
328 659 437 695 manum
447 643 541 706 libeat,
554 649 708 709 coeantque
719 650 837 695 vocatae

147 715 220 765 Hinc
232 721 313 781 atque
325 710 387 764 binc
398 713 480 775 acies,
492 712 583 764 valeat
595 713 654 778 quis
664 710 740 763 ferre
751 718 860 764 ruentes

86 785 137 833 19⁰
150 785 207 834 Ter
218 785 326 852 gemina
337 797 398 832 cum
409 782 479 832 mole
489 779 580 833 virost
590 780 697 832 Absiste
708 781 806 834 labore

146 854 272 919 Ancipiti,
285 853 333 903 sed
345 867 395 902 nec
407 852 497 919 segnis
509 851 619 918 potiora
630 865 754 917 capesso.

147 922 217 973 Urbs
230 922 336 982 colitur,
348 922 457 971 Teucro
471 919 608 987 quondam
619 918 736 970 tundata
745 926 861 981 vetruto,

148 989 263 1041 Nomine
275 988 422 1056 Carthago.
452 990 553 1055 Tyrius
564 994 640 1040 tenet
650 989 743 1041 incola
754 1005 852 1042 muros.

148 1061 184 1110 Ut
195 1059 302 1126 Libyae
313 1074 371 1120 sua,
384 1059 423 1109 sic
432 1059 514 1108 terris
524 1057 702 1109 memorabile
713 1059 825 1111 Hiberis

88 1129 139 1180 195
151 1130 229 1180 llaec
241 1136 323 1194 caput
334 1133 383 1179 est.
411 1126 472 1178 Non
484 1127 539 1178 ulla
552 1128 648 1194 opibus
661 1131 811 1180 certaverit
821 1129 879 1189 auri,

149 1197 210 1249 Non
222 1205 311 1265 portu,
324 1198 431 1248 eelsove
443 1198 505 1259 situ,
518 1212 573 1247 non
585 1196 696 1248 dotibus
708 1201 767 1248 arvi

148 1268 255 1329 Uberis,
267 1272 314 1317 aut
324 1267 387 1332 agili
397 1265 558 1316 fabricanda
568 1266 603 1316 ad
613 1265 668 1316 tcla
679 1268 785 1334 vigore.

147 1335 247 1385 invade
258 1335 369 1396 aversis,
380 1339 453 1395 nate,
465 1332 536 1385 hanc
547 1334 707 1387 ductoribus
718 1338 821 1389 urbem.

147 1402 228 1454 Nulla
241 1404 313 1452 acies
324 1401 414 1452 famae
426 1409 532 1454 tantum
544 1404 698 1471 praedaene
709 1408 822 1472 pararit.

87 1474 138 1525 2⁰⁰
150 1472 231 1523 Talia
242 1471 412 1523 monstrabat
421 1473 538 1539 genitor,
550 1475 716 1542 propiusque
727 1476 865 1538 monebat3

147 1543 213 1593 (lum
223 1542 348 1592 iuvenem
360 1556 444 1607 sopor
455 1547 483 1593 et
494 1543 600 1610 dilapsa
610 1544 719 1611 reliquit
728 1547 828 1614 imago.

147 1609 249 1679 Surgit,
261 1617 290 1661 et
297 1610 411 1662 infernis
425 1610 577 1663 habitantia
588 1615 699 1665 numina
708 1614 778 1668 lucis

145 1683 185 1733 Ac
196 1681 310 1749 supplex
321 1681 426 1748 patrios
438 1683 583 1748 compellat
594 1685 703 1735 nomine
716 1701 818 1737 manes.

146 1751 214 1802 Este
225 1751 309 1803 (luces
320 1751 402 1815 hello,
413 1758 442 1803 et
452 1758 631 1803 monstratam
638 1754 772 1806 ducitead
779 1754 879 1805 urbemn

87 1819 137 1870 ‘2⁰5
148 1820 234 1873 Vobis
246 1822 319 1872 ultor
331 1837 392 1890 ego,
406 1827 442 1883 et,
454 1819 573 1872 Sarrano
584 1824 688 1873 murice
700 1823 817 1892 fulgens,

146 1889 261 1941 inferias
272 1893 378 1941 mittam
389 1889 457 1941 fusis
466 1893 579 1959 insignis
591 1893 713 1956 Hiberis,

146 1959 184 2010 ut
193 1958 302 2009 tumulis
313 1959 412 2008 addam
423 1975 518 2011 saeros
530 1964 678 2013 certamine
688 1962 778 2015 ludos.

143 2026 331 2094 Progreditur‚
344 2026 500 2096 celeratque
511 2032 578 2092 rias,
590 2037 618 2080 et
629 2033 744 2099 corripit
755 2046 849 2101 agmen

144 2095 253 2146 Pernici
264 2097 388 2162 rapidum
402 2114 491 2161 eursu,
504 2115 669 2167 camposque
681 2100 791 2170 fatigat.

85 2167 135 2214 atu
147 2163 201 2228 Sic,
214 2166 258 2214 ubi
273 2166 399 2229 prosiluit
409 2168 508 2219 Pisaeo
519 2184 630 2220 carcere
642 2186 787 2237 praeceps,

145 2233 207 2285 Non
218 2233 304 2285 solum
317 2242 380 2286 ante
392 2237 473 2299 alios,
490 2239 538 2288 sed
552 2240 623 2289 enim
635 2239 773 2301 (mirabile
785 2237 880 2300 dictol)

144 2306 213 2355 Ante
223 2320 287 2356 suos
297 2304 320 2354 it
331 2306 420 2356 vietor
430 2321 529 2372 equus;
541 2323 703 2377 currumque
716 2325 766 2376 per
778 2325 856 2360 auras

144 2375 227 2425 Haud
239 2375 285 2425 ulli
298 2374 397 2426 durant
407 2377 480 2426 visus
492 2391 610 2443 aequare
621 2379 768 2429 volantem.

143 2444 254 2510 lamque
265 2446 438 2512 Hyperionia
447 2445 493 2495 lux
504 2449 621 2512 septima
631 2447 759 2514 lampade
769 2461 880 2515 surgens

76 2510 132 2562 215
142 2510 250 2564 Sensim
263 2516 408 2567 attollebat
417 2517 529 2584 propius
541 2517 720 2568 subeuntibus
734 2532 813 2568 arces

135 2585 228 2649 Urbis,
240 2592 271 2637 et
284 2587 400 2639 admoto
414 2585 579 2638 crescebant
587 2586 707 2635 crumina
713 2601 816 2650 gressu,

126 2661 168 2712 Ae
183 2658 294 2729 pelago
305 2663 410 2710 vectus
422 2650 754 2727 serratallaebnsbora,
893 2713 899 2724 ἡ

42 2782 45 2791 .
124 2711 899 2796 Quamdederattluetorsubigenbaeabmoemacbsss
