1920 2962
202 168 455 221 PUNlGORUM
485 169 566 221 LlB.
586 170 646 222 XV.
749 170 799 242 333

58 294 133 342 Tum
155 304 263 358 quoque
278 289 439 341 transfixum
454 290 509 341 telo
526 304 575 356 per
595 290 729 352 membro,
751 307 800 356 per

58 429 183 482 Consulis
196 434 259 479 ante
270 429 375 491 oculos,
386 442 485 496 magno
498 373 620 479 clahnmrhhlc’
630 426 766 478 Sabellum
807 427 858 479 000

57 498 226 565 asportabat
238 513 331 561 ovans,
342 504 371 549 et
381 513 466 549 ovans
477 490 634 549 llanlmona
646 496 771 547 canebat.

57 568 120 620 Non
133 567 195 618 tulit
205 565 276 618 hanc
286 569 356 618 iram
366 573 514 636 tantosque
523 569 551 617 in
564 566 648 618 corde
658 572 782 618 tumores

57 638 208 689 Barbarico
220 639 322 700 senior,
333 636 471 705 telumque
481 637 600 699 intorsit,
612 642 640 687 et
650 650 705 686 una

57 707 194 758 Praedam
206 707 377 774 animamque
388 706 467 757 simul
478 708 576 757 victori
587 707 675 756 victor
685 706 797 757 ademit.

57 776 158 838 Assilit,
171 776 264 826 audito
274 776 362 827 tristis
374 776 493 826 clamore
505 778 609 837 ruinae,
808 773 859 825 600

58 844 229 907 Hasdrubal,
252 850 281 896 et
296 851 471 912 coeptantem
487 844 607 896 Arabum
623 849 734 910 raptare
753 857 799 909 pe·

533 920 622 964 remto

58 983 219 1035 Gemmiieri
231 982 347 1049 spolium
359 983 456 1045 cultus,
468 998 589 1050 auroque
600 986 721 1050 rigentes

56 1055 186 1114 Exuvias,
198 1053 318 1103 iaculum
330 1068 346 1103 a
357 1057 436 1119 tergo
448 1051 580 1118 perlibrat
591 1053 625 1102 ad
638 1066 710 1102 ossa.

55 1124 113 1174 lam
126 1127 256 1187 correpta
265 1122 349 1170 miser
360 1122 474 1187 geminis
485 1121 620 1170 velamina
631 1120 728 1185 palmis

56 1192 195 1257 carpebat
206 1203 333 1256 propere,
345 1194 373 1240 et
383 1188 492 1255 tepidos
502 1189 654 1239 nudaverat
666 1193 750 1239 artus.
808 1189 859 1238 ’100

55 1260 193 1321 Concidit,
205 1264 234 1309 et
244 1273 338 1309 sacras
349 1263 440 1308 restes
451 1263 533 1325 atque
548 1272 632 1309 aurea
643 1258 690 1308 fila

54 1329 186 1382 Reddidit
195 1330 330 1391 exanimo,
342 1328 488 1395 spoliatum
498 1327 593 1396 lapsus
604 1329 632 1378 in
643 1327 758 1380 hostem.

54 1403 89 1451 At
102 1397 222 1450 Canthus
233 1399 371 1463 Rutulum,
385 1395 505 1450 Canthus
517 1413 661 1467 possessor
672 1413 781 1462 arenae,

55 1471 117 1531 Qua
129 1470 235 1520 celebre
246 1471 340 1520 invicti
350 1484 450 1521 nomen
461 1484 579 1536 posuere
589 1467 722 1531 Philaeni,

55 1539 149 1590 Ditem
167 1539 256 1589 ovium
272 1539 401 1589 Rutulum
418 1538 578 1600 obtruncat,
599 1540 643 1589 cui
657 1539 730 1590 mille
747 1538 797 1589 sub

533 1607 596 1659 altis
806 1607 858 1658 'lbb
902 1651 903 1654 ,

54 1678 210 1743 [lanigerae
222 1675 317 1724 balant
327 1675 449 1725 stabulis.
479 1676 551 1742 lpse,
563 1678 621 1726 otia
631 1677 706 1726 molli

54 1750 195 1799 Exercens
207 1758 282 1804 cura,
292 1743 383 1810 gelido
395 1758 467 1793 nuno
479 1742 589 1794 flumine
601 1744 673 1795 soles

54 1815 214 1883 Frangebat
224 1813 322 1863 nimios
334 1813 438 1878 pecori,
449 1828 520 1863 nunc
531 1812 620 1864 laetus
632 1813 660 1862 in
671 1810 758 1864 herba

54 1884 203 1937 Tondebat
212 1883 309 1933 niveae
319 1881 491 1948 splendentia
501 1882 602 1932 vellera
613 1882 701 1942 lanae,

54 1958 116 2016 hut,
129 1968 213 2021 pecus
226 1967 241 2003 e
253 1957 335 2019 pastu
347 1967 409 2002 cum
418 1967 479 2003 sese
490 1952 525 2002 ad
536 1957 613 2003 tecta
623 1950 748 2014 referret,
807 1954 858 2006 ’110

54 2025 208 2076 Nascentes
220 2027 337 2073 matrem
348 2021 493 2088 spectabat
504 2022 618 2073 ovilibus
632 2037 726 2090 agnos.

55 2093 193 2146 Occubuit
203 2093 294 2159 clypei
304 2091 436 2142 transfixo
448 2091 572 2157 proditus
583 2107 656 2154 aere,

54 2166 92 2215 Et
104 2177 166 2214 sero
177 2162 310 2230 ingemuit
320 2160 434 2211 stabulis
446 2163 521 2213 exire
531 2164 660 2229 paternis.

54 2234 150 2284 Acrius
161 2230 216 2282 hoc
226 2231 325 2282 ltahlm
336 2230 422 2296 pubes
432 2231 557 2294 incurrit,
568 2237 596 2282 et
606 2238 699 2300 urget:

54 2306 92 2355 Ut
102 2308 219 2363 torrens,
231 2307 262 2352 ut
271 2305 431 2366 tempestas,
443 2307 475 2351 ut
484 2299 594 2353 flamma
605 2301 711 2353 corusci
805 2303 856 2354 ’115

54 2373 196 2433 Fulminis,
206 2371 364 2421 utBoream
374 2376 474 2436 pontus
479 2370 558 2440 fugit,
569 2377 676 2422 utcara
684 2376 797 2421 currunt

54 2441 163 2504 Nubila,
176 2455 236 2491 cum
250 2439 348 2507 pelago
359 2439 466 2490 coelum
476 2441 637 2507 permiscuit
647 2440 747 2492 Eurus.

54 2513 194 2563 Procerae
205 2509 326 2572 stabant,
339 2509 477 2560 Celtarum
487 2511 573 2577 signa,
587 2507 726 2571 cohortes,

54 2581 150 2631 Prima
160 2580 249 2644 acies;
260 2577 310 2631 hos
320 2579 440 2647 impulsu
450 2578 701 2648 cuneoqueierua'x

54 2649 308 2718 catatumbis,
321 2656 351 2704 et
361 2650 457 2706 fessos
469 2650 708 2708 erroramarum,
835 2637 902 2680 Ἃ

54 2717 100 2768 lec
110 2718 165 2769 soli
176 2717 290 2789 faciles,
302 2724 447 2799 longique
454 2723 573 2778 laboris
583 2717 715 2773 annexos
