1920 2962
137 170 189 222 tat
328 167 356 217 G.
387 162 493 215 SlLll
519 162 685 214 lTnblcl

138 289 243 341 Avertit
253 286 357 353 patrius
367 285 442 352 genti
452 297 546 350 pavor.
573 281 682 333 Addere
692 288 775 350 tergo

139 359 243 410 Hastae
252 355 397 415 Ausonius,
406 353 517 420 teloque
528 353 632 402 instare
644 353 769 418 sequaci,

42 477 53 497 ,
136 427 196 479 Nec
208 426 311 476 diruere
321 422 423 491 lugam.
453 420 597 472 Gaditano
614 419 728 472 vulnere
739 419 874 488 Thyrmis,

77 498 128 550 125
139 496 202 548 Non
211 509 266 545 uno
277 491 439 555 Rhodanum
451 488 681 558 profligatumque
691 491 812 559 sagittae

138 567 252 617 Lancea
267 561 397 614 deturbat
412 560 565 622 Morinum,
587 559 686 678 etdiam
706 561 817 629 iamque
834 574 873 611 ca·

633 635 726 679 entem

140 702 274 754 cedentes
286 706 374 768 urget,
386 704 459 750 totas
470 698 586 765 largitus
597 695 729 761 habenas,

139 772 233 823 Livius
245 784 399 838 nostraquo,
411 774 440 819 et
449 769 545 818 turmis
557 767 720 818 abeuntibus
730 767 816 819 infert

141 839 331 906 Cornipedem.
362 840 441 888 Tunc
453 838 542 888 aversi
551 837 692 904 turgentia
703 837 778 889 eolla

78 914 130 962 130
141 911 244 976 Diripit
253 924 317 961 ense
327 909 433 962 Mosae.
461 906 604 958 Percussit
615 906 739 973 pondere
750 914 849 959 terram

141 982 207 1031 Cum
218 978 298 1046 galea
308 992 343 1028 ex
353 978 409 1028 alto
419 977 526 1043 lapsum
537 981 629 1042 caput,
640 990 675 1026 ae
684 977 848 1029 residentem

141 1048 279 1099 Turbatus
290 1048 382 1114 rapuit
393 1047 502 1112 sonipes
512 1045 540 1096 in
552 1045 658 1110 proelia
667 1050 805 1098 truncum.

140 1119 194 1169 llic
206 1119 274 1169 Cato
286 1119 360 1179 (nam
372 1116 462 1167 medio
472 1114 601 1165 vibrabat
612 1119 640 1166 et
650 1115 712 1182 ipse
720 1116 848 1183 tumultu)

140 1187 178 1249 Si,
189 1188 300 1254 princes,
311 1187 406 1254 inquit,
417 1185 490 1236 bello
503 1200 565 1236 cum
576 1184 715 1236 anummus
726 1186 815 1254 Alpes,

80 1258 130 1307 135
140 1257 195 1307 Hic
215 1257 307 1306 iuveni
329 1257 471 1321 oppositus
493 1255 581 1320 Tyrio
607 1252 702 1306 foret:
730 1253 776 1308 hei
796 1251 868 1307 mibi!

631 1330 716 1375 uanta

138 1392 260 1446 cesam
270 1390 353 1441 Latio
365 1390 471 1452 dextra,
483 1398 512 1442 et
521 1399 590 1460 quot
599 1340 697 1444 l3nera
708 1394 809 1447 Poenis

136 1465 282 1515 Donarunt
292 1461 369 1526 pravi
380 1458 510 1527 suffragia
520 1463 611 1513 tristia
623 1463 726 1529 campi!

136 1534 248 1598 lamque
257 1529 426 1581 inclinabant
436 1530 519 1592 acies,
531 1532 691 1599 cunctisque
703 1548 831 1599 pavorem

140 1601 281 1654 Gallorum
291 1600 418 1650 induerat
429 1614 524 1666 pavor,
536 1606 564 1651 et
575 1601 700 1652 Fortuna
710 1603 808 1655 ruebat

77 1674 128 1722 140
140 1671 268 1724 Sidonia:
280 1670 315 1721 ad
327 1669 442 1720 Rutulos
453 1669 579 1720 Victoria
589 1676 713 1722 verterat
723 1672 789 1725 alas.

138 1742 241 1804 Celsus,
252 1757 302 1792 ceu
314 1742 402 1808 prima
412 1737 606 1791 reflorescente
616 1741 738 1804 iuventa,

136 1811 198 1863 lbat
210 1811 319 1873 consul,
331 1825 415 1862 ovans
427 1810 515 1859 maior
526 1810 667 1877 maiorque
678 1812 776 1863 videri.

136 1881 210 1932 Ecce
217 1918 225 1943 ,
242 1879 352 1931 trahens
365 1895 457 1930 secum
470 1885 612 1930 canentem
625 1880 740 1946 pulvere
750 1888 867 1940 turmam

136 1949 243 2000 Ductor
254 1951 413 2016 Agenoreus
425 1946 506 2011 subit,
515 1949 733 2018 intorquensque
742 1952 850 2004 lacertis

75 2019 125 2068 145
138 2018 215 2079 Tela,
228 2023 321 2068 sonat:
335 2016 466 2070 Cohibete
477 2017 579 2087 lugam.
592 2020 640 2069 Cui
652 2021 777 2073 cedimus
787 2016 868 2071 hostii

135 2086 231 2138 Nonne
244 2086 345 2152 pudetl
357 2089 495 2139 Conversa
506 2103 590 2140 senex
601 2093 789 2143 marcentibus
801 2091 868 2142 annis

135 2157 250 2225 Agmina
260 2158 329 2223 agit:
341 2174 422 2220 nunc,
436 2173 551 2225 quaeso,
562 2157 628 2210 mihi
638 2175 711 2211 nunc
723 2161 837 2214 dextera
846 2161 868 2209 in

611 2244 694 2281 arnus

134 2295 305 2363 Degenerat‚
322 2298 464 2363 nostrique
476 2297 571 2365 piget?
588 2297 656 2349 Mihi
666 2299 753 2351 Belus
764 2313 869 2351 avorum

133 2365 308 2432 Principium,
319 2364 385 2416 mihi
397 2372 543 2434 cognatum
557 2367 670 2419 Sidonia
680 2368 755 2420 Dido

75 2434 125 2481 ‘150
136 2433 256 2498 Nomen,
280 2443 308 2487 et
329 2443 391 2488 ante
414 2451 507 2487 omnes
525 2435 598 2490 bello
617 2440 804 2490 numerandus
820 2438 869 2489 lla-

611 2508 708 2557 milcar

122 2574 315 2646 Estgenitorr
326 2576 407 2642 mibi,
413 2576 871 2642 cuinebuntmentesquebneusquc,

113 2647 159 2701 ut
173 2650 281 2719 campi,
294 2656 385 2719 atque
398 2646 682 2759 amues‚lrater·.me
687 2656 886 2707 magnamma-

662 2721 713 2756 um
