1920 2962
175 195 225 245 132
375 190 403 240 C.
432 187 537 239 SlLll
567 185 730 239 lTllLlGl

173 309 571 378 Hincruptimruitinmurcs.
599 304 900 375 Voxhorndarorm,

173 382 271 433 Hostis
281 380 368 431 adest
397 379 556 443 laniantque
566 375 650 426 sudes
660 381 689 426 et
697 377 795 430 inania
803 379 872 433 tels.

112 450 163 502 ion
173 454 222 501 Ast
232 450 311 511 alise,
321 449 419 500 loceris
429 451 558 497 canentes
570 445 698 507 crinibus,
709 445 768 499 altu

173 520 294 571 Verrunt
303 524 379 569 tecta
389 517 487 577 Deum,
499 520 528 564 ct
538 515 606 564 seris
617 518 681 579 post
692 513 754 566 iata
763 532 881 573 suorum

174 588 330 640 Sollicitant
340 584 474 653 precibus.
503 582 633 650 Requicm
644 583 835 655 tenebraeque
842 588 913 641 Δία.

666 668 702 703 uo

172 727 306 778 Amisero:
325 726 417 776 iacent
426 723 522 789 portis,
532 669 690 790 ululantqlre
699 722 799 777 dolore

172 797 331 864 Dispersum
341 794 446 862 vulgus,
457 797 681 859 remeantumque
692 791 791 845 ordine
801 794 886 867 longo

111 865 162 917 565
174 864 272 917 Servat
281 865 363 915 turba
371 863 485 930 gruum:
504 861 623 928 pendant
634 874 669 913 ex
680 875 730 912 ore
739 861 909 931 loquentum.

172 933 230 985 Nec
241 934 320 984 laetis
332 937 375 982 sat
385 936 462 981 certa
471 930 549 991 tides,
560 931 714 997 iterumque
723 941 873 987 morantur

172 1002 292 1062 orando,
305 1006 341 1062 et,
352 1000 427 1050 vultu
436 998 573 1049 intertium
584 1001 642 1050 sine
651 1014 721 1051 rece
730 1005 852 1067 precati,

171 1071 251 1135 Quod
267 1071 402 1138 rogitant,
421 1067 516 1118 audire
531 1074 640 1134 pavent.
675 1068 731 1120 llic
747 1068 907 1135 nem-uti
938 1112 945 1129 J

647 1152 728 1189 aures

169 1209 319 1260 Percussae
330 1209 457 1276 graviore
468 1206 554 1258 malo:
573 1212 664 1258 metus
671 1207 746 1270 iude,
758 1216 889 1279 negatum

108 1276 159 1327 tto
170 1275 198 1327 Si
210 1279 289 1338 scire,
302 1283 331 1327 et
341 1276 439 1326 dubius
448 1277 571 1341 responsi
582 1277 692 1327 nuntius
703 1274 803 1331 haesit.
890 1296 901 1319 -·

168 1347 280 1412 lamque
291 1344 336 1395 ubi
346 1348 496 1410 conspectu
506 1345 651 1397 redeuntia
659 1347 720 1396 risa
730 1352 885 1419 propinquo

170 1416 300 1480 Corpora,
312 1414 428 1465 sollicite
439 1413 505 1463 laeti
513 1413 672 1477 funduntur,
684 1416 790 1483 etipsis
819 1440 823 1445 ·
836 1422 855 1463 ,ι’

169 1483 269 1534 Oscula
280 1483 435 1534 vulneribus
447 1482 542 1551 ligant,
553 1483 730 1552 Superosque
737 1484 870 1609 ἱππί.

168 1552 223 1602 llic
232 1553 305 1604 inter
313 1552 446 1619 trepidos,
459 1568 542 1603 curae
552 1554 733 1616 venerandus,
745 1568 799 1625 agn
850 1588 854 1605 2
866 1598 870 1605 .

110 1621 160 1672 em
174 1619 320 1673 Serranum
330 1624 439 1674 Marusr
458 1628 541 1689 atque
554 1623 616 1673 olim
629 1628 692 1689 post
701 1622 764 1676 fato
771 1626 865 1679 meriti

169 1690 230 1741 Non
242 1706 353 1760 egresse
363 1692 474 1742 domum
483 1693 571 1742 vitato
582 1693 689 1743 Marcia
699 1699 793 1757 cestu,
823 1720 826 1725 ·

168 1763 205 1812 Et
215 1761 304 1813 lucem
316 1776 400 1813 causa
411 1768 538 1812 natorum
549 1776 640 1827 passa,
651 1761 751 1813 ruebat

168 1832 197 1880 ln
210 1832 313 1883 luctum
323 1831 438 1883 similem
449 1831 575 1896 antiquo:
593 1830 706 1881 turbata
716 1840 847 1898 repones,-

167 1899 810 1968 Agnoscensqueltlarunr‚lidcicomcsinclitem

108 1965 158 2016 58⁰
170 1969 251 2018 llunc
264 1974 338 2019 certe
355 1965 420 2017 mihi
436 1968 542 2030 reddis,
559 1968 605 2020 ait.
634 1968 711 2021 Leve
727 1970 828 2024 vulnus
864 1986 903 2025 n

642 2039 697 2088 alte

168 2106 259 2171 Usque
271 2106 305 2154 orl
317 2111 412 2156 nostra
421 2104 496 2157 ierus
508 2108 662 2173 penetrarit
676 2108 786 2160 viscera
794 2106 903 2163 mucrol

170 2172 903 2245 Quidquididcst‚dumnourinctumCertlrugocstulr

167 2241 303 2307 Abripiat,
314 2258 475 2310 poenaeque
485 2245 620 2298 instauret
630 2251 755 2298 monstra
765 2254 902 2315 petalum,

169 2310 284 2361 Gratum
296 2318 347 2375 est,
359 2327 375 2362 ο
387 2310 493 2380 Superi.
526 2315 641 2376 Quoties
652 2314 719 2367 heu!
738 2323 821 2383 nm,
833 2322 903 2387 pele-

639 2384 704 2436 bam

104 2446 157 2498 585
168 2448 210 2499 Ne
220 2451 324 2516 patr-ias
333 2450 389 2501 iras
400 2451 558 2521 animosque
568 2455 596 2504 in
607 2422 715 2520 proelia,
723 2453 823 2520 ferres,

166 2517 227 2568 Neu
238 2524 267 2568 tc
277 2519 401 2587 belligeri
412 2521 566 2574 stimularet
575 2525 602 2573 in
614 2538 692 2575 anne
701 2527 827 2591 parentis

161 2588 256 2640 Triste
270 2588 364 2643 decus.
393 2589 513 2643 llimium
521 2593 622 2643 mracis
633 2592 703 2643 dure
714 2600 849 2649 senem

148 2655 305 2731 Supplicia
317 2662 450 2734 expendi.
477 2662 666 2725 (Quaesofium
673 2663 890 2733 parumlq-

137 2727 278 2791 Numina
289 2735 448 2809 pugnastis
457 2732 553 2801 nobb,
584 2727 849 2785 nteiaffimemu
