1920 2962
221 79 256 130 56
413 77 441 126 C.
470 72 574 127 siml
604 76 770 127 lTnuic.

221 196 279 248 Nec
289 196 390 248 bellum
401 197 487 263 raptis
497 202 554 247 tam
565 196 653 246 dirum
663 195 735 246 mille
745 195 846 247 carinis

161 267 212 317 28⁰
222 267 317 317 Acrius
327 266 481 328 infremuit,
491 265 680 333 trepidumque
691 264 824 316 extermit
835 264 928 318 orbem

221 336 352 402 Princeps
363 337 441 403 signa
450 334 513 386 tulit
523 335 612 400 Tyria
622 333 785 402 Carthagine
797 332 896 401 pubes,

221 403 347 455 Membra
357 404 438 466 loris,
451 403 570 522 celsinue
581 403 665 455 decus
676 402 804 458 fraudata
813 402 928 470 superbi

223 475 350 540 Corporis
357 491 367 535 ;
377 482 406 525 at
416 472 512 524 docilis
534 471 647 535 aliendi,
659 478 687 524 et
698 482 808 524 nectere
818 478 913 526 tectos

222 542 375 611 Numquam
396 542 477 594 tarda
491 541 578 593 dolos.
608 541 692 593 Rudis
713 539 755 592 his
769 548 835 592 tnnc
851 557 928 609 parm

697 611 772 661 brevi
792 625 827 662 ue
896 636 899 642 ·

163 680 212 732 235
225 680 369 732 Bellabent
380 697 459 746 ense3
476 687 506 732 at
515 682 631 748 vestigia
641 680 727 742 nuda,
740 628 869 747 sinffisque

224 752 338 819 Cingere
349 753 531 813 inassuetum3
548 757 577 802 et
588 750 686 802 rubrae
694 748 828 800 velamine
837 752 928 804 restis

222 821 272 872 Ars
284 822 381 872 eratin
410 836 483 889 ugna
493 819 581 872 fusum
594 819 745 871 occuluisse
757 833 899 872 cruorum.

224 891 274 940 His
283 896 376 940 rector
387 838 492 956 Erigone
504 895 580 941 ostro
592 904 674 954 super
684 889 765 939 aitior
775 901 872 940 omnes

224 958 377 1009 Germanus
386 958 456 1007 nitet
465 956 639 1019 Hannibalis,
650 964 783 1024 gratoque
795 958 918 1011 tumultu

162 1029 213 1078 mo
223 1027 308 1093 Mago
320 1026 408 1093 quatit
420 1040 528 1087 currus,
538 1032 566 1077 et
577 1024 689 1076 fratrem
703 1028 789 1093 spirat
799 1027 827 1076 in
838 1030 928 1082 armis

221 1096 353 1149 Proxima
361 1093 478 1146 Sidoniis
490 1095 571 1146 Utica
583 1100 625 1147 est
636 1094 723 1147 effusa
734 1095 869 1161 manipiis,

221 1166 318 1216 Prisca
327 1167 389 1227 situ,
400 1166 553 1230 veterisque
567 1170 630 1215 ante
641 1178 720 1215 arces
728 1164 928 1233 conditaiiyrsa

222 1237 307 1297 Tum,
320 1249 389 1301 quae
400 1231 510 1284 Sicanio
521 1234 674 1300 praecinxit
683 1233 766 1284 litora
777 1249 866 1298 muro,

221 1305 252 1354 in
263 1303 344 1369 clipei
353 1302 473 1369 speciem
485 1303 603 1352 curratis
613 1303 746 1365 turribus,
758 1303 845 1369 Aspis.

162 1374 212 1423 245
224 1370 278 1423 Sed
290 1371 344 1421 dur
355 1372 383 1421 in
393 1384 454 1422 sese
466 1377 640 1423 converterat
651 1387 701 1423 ora
712 1370 865 1438 Sychaeus,

221 1439 401 1492 Hasdrubalis
415 1439 520 1506 proles,
532 1440 574 1490 cui
586 1456 656 1492 rano
668 1442 752 1492 corda
760 1447 871 1493 tumore

220 1511 375 1560 Maternum
386 1508 517 1576 implebat
526 1524 626 1576 genus,
638 1517 666 1562 et
678 1525 807 1562 resonare
819 1514 916 1577 superi

221 1579 357 1630 Hannibal
367 1576 564 1647 haudunquam
577 1579 706 1630 cessabat
716 1580 864 1632 avunculus
878 1597 911 1635 or

220 1648 304 1700 irruit
314 1649 420 1700 undosa
432 1654 523 1699 cretus
533 1649 695 1699 Berenicide
705 1648 796 1712 miles3

161 1719 211 1768 250
221 1717 293 1782 Nec,
304 1721 387 1770 tereti
396 1718 507 1770 dextras
516 1719 544 1769 in
554 1733 672 1786 pugnam
685 1724 791 1769 armata
799 1718 900 1774 dolone

221 1789 353 1841 Destituit
362 1790 451 1841 Barce
461 1789 616 1840 sitientibus
623 1789 701 1840 arida
711 1790 795 1839 renis.

221 1857 278 1909 Nec
290 1875 344 1911 non
358 1861 464 1925 Cyrene
477 1859 590 1925 Pelopei
600 1860 685 1926 stirpe
695 1859 803 1924 nepotis

221 1927 367 1978 Battiadas
379 1942 478 1993 pravos
488 1926 551 1976 fidei
564 1928 712 1978 stimularit
720 1928 747 1976 in
760 1941 851 1976 arma:

222 1993 802 2061 Quostrahitantiquolaudatuanmilcare
814 2012 878 2064 quor

162 2062 211 2113 255
223 2063 340 2119 consilio
351 2063 458 2125 vindis,
470 2063 518 2114 sed
528 2064 592 2115 belii
605 2081 695 2127 serus,
708 2065 812 2117 liertes.

222 2130 358 2183 Sabratha
369 2137 427 2182 tum
433 2132 549 2198 Tyrium
555 2134 659 2202 vulgus,
672 2132 866 2202 Sarranaquel

221 2202 333 2268 Oeaque
345 2201 504 2251 Trinacrios
513 2202 584 2253 Airis
595 2206 730 2270 permixta
739 2205 860 2269 colonos,

220 2270 257 2320 Et
268 2270 368 2337 Tingin
378 2270 474 2336 rapido
486 2272 613 2323 mittebat
623 2272 657 2323 ab
668 2289 786 2343 aequore
797 2275 857 2325 nnn

222 2340 293 2389 Tum
304 2340 397 2406 Vaga,
409 2344 437 2390 et
448 2341 564 2408 antiquis
575 2342 690 2394 dilectus
701 2343 810 2412 regibus
821 2346 849 2396 H

162 2406 211 2457 260
224 2409 355 2476 Quaeque
365 2409 462 2475 procul
473 2411 545 2460 cavit
553 2426 607 2461 non
618 2427 720 2480 aequos
725 2414 842 2480 Ruspina

219 2478 255 2528 Et
265 2479 365 2540 Zama,
376 2484 404 2528 et
414 2477 525 2530 uberior
537 2480 637 2533 Rutulo
655 2499 727 2533 nunc
742 2497 827 2551 sango

715 2568 770 2603 sus.

211 2614 302 2668 Ducit
313 2621 357 2669 tot
363 2616 499 2687 populos,
511 2619 606 2688 ingens
618 2626 646 2672 et
658 2566 799 2688 cossporee
