1920 2962
85 180 338 234 PUNICORUM
365 183 448 234 121ss.
471 182 546 237 XIV.
642 184 693 236 301

41 302 112 353 rinus
124 307 152 353 et
161 303 253 370 gladio
264 305 406 354 terrestria
418 304 521 369 proelia
532 306 654 355 miscent.

41 377 140 439 ‚mpuut
151 372 222 434 itali,
235 387 288 439 qua
300 373 398 422 caedes
409 373 627 437 primareclusit‚

41 443 176 509 travitque
187 443 272 491 viam:
284 448 377 491 vastas
388 448 416 490 et
427 441 499 491 mole
511 447 624 492 catenas

41 517 92 561 itur
103 513 193 562 socios
205 515 233 562 et
242 511 331 560 vincla
343 510 503 576 abrumpere
514 509 589 573 ferri,

43 585 86 630 rat
97 578 190 630 hostili
201 580 324 631 resoluta
333 594 423 646 puppe
435 584 563 646 receptos
704 579 755 630 525

41 664 88 711 uc,
102 656 130 698 et
139 649 250 715 paribus
260 648 359 716 pelago
372 648 501 699 diducere
513 648 546 698 ub
559 650 650 699 alniis.

44 733 76 769 eo
87 717 274 784 Polyphemus
286 721 346 768 erat
355 718 473 768 nutritus
483 719 509 767 in
521 724 615 781 antro;

53 787 116 837 inde
128 789 256 854 antiquae
267 801 366 836 nomen
376 785 493 836 lenitatis
504 786 622 837 amabat.

42 879 46 906 l
57 857 222 922 praebuerat
232 871 317 922 parvo
328 855 406 920 lupa:
417 857 539 921 corporis
552 856 601 917 alti

42 926 100 976 bilis
110 926 205 987 moles,
216 940 291 976 mens
303 939 409 989 aspera,
421 924 510 975 vultus
519 927 546 974 in
557 927 600 975 ira
706 924 755 974 530

42 1010 79 1056 er,
92 1002 119 1044 et
131 994 165 1045 ad
178 995 276 1045 caedes
287 993 419 1061 Cyclopia
431 994 513 1044 corde
525 994 618 1045 libido.

48 1064 178 1114 relaxatis
190 1063 373 1114 membrorum
384 1063 505 1130 pondere
515 1064 610 1114 vinclis

45 1140 104 1183 erat
116 1133 235 1197 puppim,
247 1138 275 1182 et
285 1131 427 1198 mergebat
437 1133 544 1199 gurgite
555 1140 658 1193 tonsas,

42 1206 144 1266 isetque
157 1205 252 1262 ratem,
264 1214 359 1267 presso
370 1200 507 1250 Laronius
517 1199 598 1252 basta

42 1284 121 1335 spere
132 1268 199 1319 duro
210 1271 341 1321 nitentem
352 1283 500 1336 exsurgere
508 1271 593 1320 -veiox
703 1270 753 1321 535

43 1347 55 1389 t
66 1343 194 1389 transtro.
223 1339 276 1391 Vix
285 1346 374 1390 morte
385 1340 496 1405 inceptu
505 1341 628 1390 remittit.

42 1425 79 1477 'ue
95 1423 190 1460 manus
207 1414 300 1461 servat
314 1409 378 1460 dum
393 1414 487 1460 suetos
501 1409 630 1478 languida
645 1409 691 1458 du-

428 1483 498 1539 ctus,

42 1564 85 1598 um
97 1561 202 1597 summa
213 1548 327 1597 attraxit
337 1562 419 1614 super
432 1560 553 1613 aequora
562 1562 674 1598 remum.

42 1617 77 1667 ‚lsi
90 1629 177 1666 cuneo
189 1615 276 1666 Poeni
286 1615 434 1665 densantur
443 1616 472 1664 in
482 1630 574 1678 unum,

48 1689 125 1737 caret
136 1680 230 1746 hoste,
245 1683 331 1734 lotus:
346 1682 437 1732 subito
449 1697 511 1731 cum
522 1684 643 1749 pondere
655 1686 692 1734 vi·

431 1755 491 1799 ctus
703 1753 753 1803 540

42 1829 92 1875 nte
103 1824 180 1885 mari,
194 1820 378 1886 submergitur
388 1819 481 1868 alveus
491 1817 579 1868 undis.

49 1895 145 1954 virum,
158 1892 320 1957 mistaeque,
333 1894 362 1940 et
372 1888 455 1938 inerti
466 1887 572 1954 spicula
582 1886 665 1952 ferro,

42 1977 127 2029 aeque
137 1962 227 2012 Derim
239 1958 357 2010 fluitant.
386 1958 441 2009 Hic
453 1957 554 2008 robore
564 1957 654 2008 fracto

42 2038 61 2083 it
71 2033 150 2098 inops
163 2029 295 2096 chalybis,
306 2043 421 2096 seseque
430 2029 458 2078 in
470 2027 575 2094 proelia
585 2044 679 2079 rursus

42 2099 308 2169 :naufragiozremis
320 2097 578 2149 maleierritlusille
702 2099 753 2149 545

43 2177 76 2222 ιαῑ
86 2170 205 2238 spoliare
215 2174 311 2231 ratem,
322 2167 477 2218 discrimine
488 2166 561 2236 nullo

44 2257 104 2291 rum
114 2240 250 2292 interdum
264 2237 394 2289 convulsa
404 2236 501 2287 sedilia
511 2242 650 2305 torquens.

43 2312 130 2363 lectro
142 2311 223 2371 ratis,
248 2313 295 2358 aut
303 2305 453 2374 fragentlae
468 2307 496 2357 in
507 2306 619 2359 vulnera
629 2322 691 2374 pro·

427 2391 475 2427 rac

43 2466 86 2512 ur,
99 2456 127 2501 et
137 2449 234 2517 pelago
246 2452 407 2514 repetuntur
417 2446 512 2496 nantia
522 2445 586 2496 tela.

42 2521 116 2571 ribus
127 2519 226 2586 patulis
237 2519 322 2568 intrat
333 2530 417 2566 mare.
446 2516 514 2565 Mox
525 2530 575 2564 sua
586 2519 671 2580 ponto
701 2514 752 2564 550

43 2596 123 2641 tante
135 2591 224 2640 anima
234 2588 366 2658 propulsa
375 2584 532 2638 retunditur
543 2584 633 2634 unua.

43 2665 122 2720 asuut,
136 2662 180 2726 qui
191 2667 341 2730 correptos
354 2658 537 2729 amplexibus
546 2655 622 2706 artis

43 2729 224 2799 willelm,
237 2740 278 2800 et,
290 2723 748 2847 iaculiscessantbng,postem
