1920 2962
214 182 466 237 PUNICOBUM
494 133 574 236 Lfss.
598 184 672 236 Xlll.
753 189 804 238 mr

67 308 103 358 Ut
113 311 151 367 te,
163 320 225 354 eum
237 306 331 370 Capua
340 318 500 366 remearem,
512 303 624 354 vulnera
635 304 689 356 vidi

65 375 248 436 Muloentem,
266 371 320 424 hoc
336 388 391 424 uno
408 380 556 435 maestum,
580 374 651 440 quod
668 375 743 426 adiro
758 392 803 427 ne·

561 444 633 493 uires
812 447 864 496 455

68 511 182 564 Saucius
194 512 228 562 nd
242 526 343 573 muros,
357 519 385 561 et
396 512 494 562 Martis
506 459 611 562 hogero
623 527 740 564 careres.

68 584 170 633 Contra
181 597 250 648 quae
262 582 372 631 ductor:
384 582 470 631 Fessa
481 579 547 631 mihi
559 583 684 647 proxima
695 583 804 633 tandem

66 651 129 702 Lux
139 657 234 718 gratos
244 649 424 702 Phaethontis
436 665 520 717 equos
533 652 639 714 avertit,
653 659 681 701 et
691 654 757 703 atris

66 723 212 771 Aeternum
224 721 332 771 demisit
343 721 428 788 aquis.
459 719 512 770 Sed
522 720 597 770 lenta
607 735 740 784 meorum,

66 791 139 840 Dum
149 805 234 841 vanos
245 792 321 851 ritus,
334 805 408 851 eura,
421 796 449 838 et
458 789 599 839 sollemnia
610 790 683 857 vulgi
814 792 865 842 sto

66 860 243 926 Exsequitur,
254 864 345 910 cessat
356 858 472 910 flammis
482 859 624 926 imponere
634 874 743 925 eorpnn,

66 930 102 980 Ut
113 935 207 994 portet
217 929 327 980 tumulis
339 929 508 995 perlongum
518 929 640 979 membra
652 931 780 994 paternis.

67 998 148 1060 Quod
159 1004 186 1047 te
199 1013 247 1064 per
258 1000 346 1049 nostri
355 999 453 1049 Martis
464 1014 564 1064 precor
575 999 682 1049 aemula
693 998 777 1062 facta,

64 1069 144 1130 Aroe,
157 1082 226 1134 quae
236 1074 330 1133 putres
341 1074 426 1130 artus,
438 1068 626 1130 medicamina,
639 1076 762 1118 servant:

64 1137 163 1204 Deque
188 1151 259 1202 vago
284 1142 379 1202 portas
406 1138 603 1204 quamprimum
627 1135 788 1188 Acherontis

542 1206 625 1256 adire.
813 1208 864 1259 465

64 1279 136 1328 Tum
148 1274 266 1324 iuvenis:
279 1274 352 1326 Gens
365 1290 381 1325 o
393 1276 493 1325 veteris
503 1273 685 1340 pulcherrima
696 1276 795 1340 Clausi,

64 1345 148 1398 Haud
158 1343 214 1394 ulla
224 1348 288 1395 ante
298 1350 388 1408 tuam,
407 1359 560 1411 quanquam
571 1361 625 1395 non
643 1361 727 1411 parva
741 1344 803 1396 lati-

557 1422 612 1477 ent,

64 1489 198 1538 Curarum
210 1487 285 1551 prior
297 1485 441 1535 exstiterit.
455 1431 579 1552 Namqffre
588 1486 643 1534 ista
653 1500 703 1551 per
710 1500 803 1536 omnes

64 1556 219 1608 Discrimen
229 1560 321 1605 servat
333 1554 457 1620 populos,
470 1555 611 1620 sumatque
622 1555 760 1604 iacentum

63 1625 217 1692 Exsequias
230 1624 324 1674 tumuli
337 1629 365 1673 et
376 1624 498 1672 cinerum
509 1623 645 1672 sententia
655 1623 769 1673 discors.
813 1625 863 1672 470

64 1693 177 1746 Tellure
188 1695 231 1756 (ut
240 1690 396 1760 perhibent)
406 1693 430 1741 is
440 1706 499 1741 mos
512 1692 638 1757 arntiquus
649 1691 763 1752 Hibera,

64 1763 201 1816 Exam'ma
211 1762 365 1814 obscoenus
377 1761 513 1811 consumit
524 1772 643 1825 eorpora
651 1758 749 1808 vultur.

63 1833 153 1902 Regia
163 1847 225 1884 eum
234 1832 324 1883 lucem
339 1833 490 1897 posuerunt
505 1828 641 1891 membra,
658 1826 804 1893 probatum

544 1904 586 1949 est

63 1972 203 2039 Hyrcanis
215 1969 345 2022 adhibere
357 1982 446 2019 canes.
476 1969 612 2035 Aegyptia
622 1968 701 2018 tellus

63 2041 174 2093 Glaudit
185 2041 301 2093 odorato
312 2045 375 2107 post
384 2037 464 2088 funus
475 2040 577 2089 stantia
588 2053 655 2089 saxo
812 2038 863 2087 <lto

64 2113 203 2179 Corpora,
225 2117 253 2161 et
270 2126 286 2160 a
302 2110 402 2160 mensis
417 2106 672 2227 exsanguembhnud
692 2115 804 2174 separat

540 2192 585 2227 um
605 2192 672 2227 ram.

61 2248 206 2302 Exhausto
216 2249 335 2299 instituit
345 2248 448 2297 Pontus
459 2261 576 2297 vacuare
588 2248 701 2298 cerebro

64 2320 121 2371 Ora
132 2321 230 2380 virum,
242 2325 270 2369 et
279 2318 390 2385 longum
401 2317 539 2367 medioata
548 2319 690 2383 reponitin
698 2331 802 2365 aevum.

64 2389 147 2452 Quid,
159 2391 205 2456 qui
215 2388 323 2439 reclusa
332 2387 420 2437 nudos
433 2386 613 2438 Garamantes
625 2382 722 2436 arena'

62 2455 223 2510 lnfodiuntl
235 2458 316 2520 Quid,
329 2459 374 2524 qui
385 2471 468 2508 saevo
481 2456 596 2522 sepelire
610 2453 746 2519 profundo
812 2455 864 2503 480

62 2529 216 2580 Exanimos
227 2527 358 2578 mandant
369 2526 482 2593 Libyeis
492 2523 662 2575 Nasamones
672 2524 703 2572 in
713 2522 788 2574 arist.

63 2600 98 2649 nt
110 2596 205 2648 Celtae
217 2598 295 2648 vacui
307 2597 406 2665 eapitis
420 2594 597 2649 oiroumaare
610 2593 741 2664 gauloni

58 2666 128 2714 Ossa
138 2663 241 2727 (nefas)
253 2681 333 2733 auro,
348 2685 381 2722 aa
394 2671 505 2724 mensis
515 2683 554 2722 ea
561 2665 677 2738 poeula
685 2662 824 2716 sensam

54 2731 221 2796 Ueeropidae
233 2734 271 2786 oh
281 2743 415 2804 patriam
427 2743 583 2798 Mavortis
595 2740 682 2794 tonte
690 2728 858 2804 psslffi'ffi
