<?xml version="1.0" encoding="UTF-8"?>
<!DOCTYPE html PUBLIC "-//W3C//DTD XHTML 1.0 Transitional//EN"
    "http://www.w3.org/TR/xhtml1/DTD/xhtml1-transitional.dtd">
<html xmlns="http://www.w3.org/1999/xhtml" xml:lang="en" lang="en">
 <head>
  <title>
</title>
<meta http-equiv="Content-Type" content="text/html;charset=utf-8" />
  <meta name='ocr-system' content='tesseract 3.04.00' />
  <meta name='ocr-capabilities' content='ocr_page ocr_carea ocr_par ocr_line ocrx_word'/>
</head>
<body>
  <div class='ocr_page' id='page_1' title='image "./punicorumlibrix00italgoog_0227.png"; bbox 0 0 1920 2962; ppageno 0'>
   <div class='ocr_carea' id='block_1_1' title="bbox 140 155 721 216">
    <p class='ocr_par' dir='ltr' id='par_1_1' title="bbox 140 155 721 216">
     <span class='ocr_line' id='line_1_1' title="bbox 140 155 721 216; baseline 0.009 -6"><span class='ocrx_word' id='word_1_1' title='bbox 140 155 391 210; x_wconf 75' lang='lat' dir='ltr'>Punicorum</span> <span class='ocrx_word' id='word_1_2' title='bbox 417 159 507 212; x_wconf 85' lang='lat' dir='ltr'>LlB..</span> <span class='ocrx_word' id='word_1_3' title='bbox 520 159 555 212; x_wconf 88' lang='lat' dir='ltr'>X.</span> <span class='ocrx_word' id='word_1_4' title='bbox 670 163 721 216; x_wconf 73' lang='grc'>219</span> 
     </span>
    </p>
   </div>
   <div class='ocr_carea' id='block_1_2' title="bbox 45 278 786 2696">
    <p class='ocr_par' dir='ltr' id='par_1_2' title="bbox 45 278 666 348">
     <span class='ocr_line' id='line_1_2' title="bbox 45 278 666 348; baseline 0.005 -17"><span class='ocrx_word' id='word_1_5' title='bbox 45 296 72 331; x_wconf 91' lang='lat' dir='ltr'>m</span> <span class='ocrx_word' id='word_1_6' title='bbox 84 286 188 331; x_wconf 87' lang='lat' dir='ltr'>restare</span> <span class='ocrx_word' id='word_1_7' title='bbox 198 280 256 332; x_wconf 86' lang='lat' dir='ltr'>vire</span> <span class='ocrx_word' id='word_1_8' title='bbox 268 278 365 342; x_wconf 86' lang='lat' dir='ltr'>labem,</span> <span class='ocrx_word' id='word_1_9' title='bbox 378 280 423 347; x_wconf 92' lang='lat' dir='ltr'>qui</span> <span class='ocrx_word' id='word_1_10' title='bbox 435 280 568 333; x_wconf 84' lang='lat' dir='ltr'>accedere</span> <span class='ocrx_word' id='word_1_11' title='bbox 579 284 666 348; x_wconf 83' lang='lat' dir='ltr'>portis</span> 
     </span>
    </p>

    <p class='ocr_par' dir='ltr' id='par_1_3' title="bbox 45 349 782 416">
     <span class='ocr_line' id='line_1_3' title="bbox 45 349 782 416; baseline 0.005 -15"><span class='ocrx_word' id='word_1_12' title='bbox 45 356 96 411; x_wconf 82' lang='lat' dir='ltr'>ent,</span> <span class='ocrx_word' id='word_1_13' title='bbox 108 364 140 400; x_wconf 88' lang='lat' dir='ltr'>ac</span> <span class='ocrx_word' id='word_1_14' title='bbox 153 349 240 400; x_wconf 92' lang='lat' dir='ltr'>dirum</span> <span class='ocrx_word' id='word_1_15' title='bbox 251 351 343 400; x_wconf 86' lang='lat' dir='ltr'>veniat</span> <span class='ocrx_word' id='word_1_16' title='bbox 352 350 538 416; x_wconf 78' lang='lat' dir='ltr'>pavitantibus</span> <span class='ocrx_word' id='word_1_17' title='bbox 549 350 642 402; x_wconf 77' lang='lat' dir='ltr'>emen!</span> <span class='ocrx_word' id='word_1_18' title='bbox 730 353 782 405; x_wconf 70' lang='lat'>615</span> 
     </span>
    </p>

    <p class='ocr_par' dir='ltr' id='par_1_4' title="bbox 52 418 674 486">
     <span class='ocr_line' id='line_1_4' title="bbox 52 418 674 486; baseline 0.002 -15"><span class='ocrx_word' id='word_1_19' title='bbox 52 420 174 471; x_wconf 83' lang='lat' dir='ltr'>mulcens</span> <span class='ocrx_word' id='word_1_20' title='bbox 185 425 296 486; x_wconf 81' lang='lat' dir='ltr'>questus</span> <span class='ocrx_word' id='word_1_21' title='bbox 306 419 407 470; x_wconf 83' lang='lat' dir='ltr'>Fabius</span> <span class='ocrx_word' id='word_1_22' title='bbox 420 418 544 471; x_wconf 77' lang='lat' dir='ltr'>deforme</span> <span class='ocrx_word' id='word_1_23' title='bbox 555 419 674 472; x_wconf 85' lang='lat' dir='ltr'>docebat</span> 
     </span>
    </p>

    <p class='ocr_par' dir='ltr' id='par_1_5' title="bbox 45 487 617 556">
     <span class='ocr_line' id='line_1_5' title="bbox 45 487 617 556; baseline 0 -16"><span class='ocrx_word' id='word_1_24' title='bbox 45 489 112 540; x_wconf 89' lang='lat' dir='ltr'>libus</span> <span class='ocrx_word' id='word_1_25' title='bbox 122 489 213 551; x_wconf 88' lang='lat' dir='ltr'>irasci,</span> <span class='ocrx_word' id='word_1_26' title='bbox 224 487 386 556; x_wconf 78' lang='lat' dir='ltr'>vulgumque</span> <span class='ocrx_word' id='word_1_27' title='bbox 398 489 511 539; x_wconf 86' lang='lat' dir='ltr'>arcebat</span> <span class='ocrx_word' id='word_1_28' title='bbox 521 489 556 539; x_wconf 85' lang='lat' dir='ltr'>ab</span> <span class='ocrx_word' id='word_1_29' title='bbox 567 490 617 540; x_wconf 88' lang='lat' dir='ltr'>ira.</span> 
     </span>
    </p>

    <p class='ocr_par' dir='ltr' id='par_1_6' title="bbox 45 556 600 625">
     <span class='ocr_line' id='line_1_6' title="bbox 45 556 600 625; baseline -0.002 -16"><span class='ocrx_word' id='word_1_30' title='bbox 45 559 110 610; x_wconf 85' lang='lat' dir='ltr'>ersis</span> <span class='ocrx_word' id='word_1_31' title='bbox 122 559 222 610; x_wconf 77' lang='lat' dir='ltr'>etenim</span> <span class='ocrx_word' id='word_1_32' title='bbox 232 556 386 625; x_wconf 77' lang='lat' dir='ltr'>frauginon</span> <span class='ocrx_word' id='word_1_33' title='bbox 396 573 456 609; x_wconf 89' lang='lat' dir='ltr'>esse</span> <span class='ocrx_word' id='word_1_34' title='bbox 467 559 600 621; x_wconf 77' lang='lat' dir='ltr'>virorum,</span> 
     </span>
    </p>

    <p class='ocr_par' dir='ltr' id='par_1_7' title="bbox 48 626 710 695">
     <span class='ocr_line' id='line_1_7' title="bbox 48 626 710 695; baseline 0.003 -17"><span class='ocrx_word' id='word_1_35' title='bbox 48 628 166 679; x_wconf 87' lang='lat' dir='ltr'>Martem</span> <span class='ocrx_word' id='word_1_36' title='bbox 176 626 326 678; x_wconf 79' lang='lat' dir='ltr'>inscribant</span> <span class='ocrx_word' id='word_1_37' title='bbox 335 629 420 695; x_wconf 80' lang='lat' dir='ltr'>genti,</span> <span class='ocrx_word' id='word_1_38' title='bbox 429 642 485 678; x_wconf 91' lang='lat' dir='ltr'>non</span> <span class='ocrx_word' id='word_1_39' title='bbox 494 643 577 695; x_wconf 87' lang='lat' dir='ltr'>pesse</span> <span class='ocrx_word' id='word_1_40' title='bbox 585 627 696 680; x_wconf 82' lang='lat' dir='ltr'>doleres</span> <span class='ocrx_word' id='word_1_41' title='bbox 707 654 710 659; x_wconf 94' lang='lat'>·</span> 
     </span>
    </p>

    <p class='ocr_par' dir='ltr' id='par_1_8' title="bbox 45 697 783 764">
     <span class='ocr_line' id='line_1_8' title="bbox 45 697 783 764; baseline 0.001 -17"><span class='ocrx_word' id='word_1_42' title='bbox 45 698 118 760; x_wconf 88' lang='lat' dir='ltr'>dere,</span> <span class='ocrx_word' id='word_1_43' title='bbox 129 703 158 748; x_wconf 88' lang='lat' dir='ltr'>et</span> <span class='ocrx_word' id='word_1_44' title='bbox 168 711 203 748; x_wconf 84' lang='lat' dir='ltr'>cx</span> <span class='ocrx_word' id='word_1_45' title='bbox 213 711 304 762; x_wconf 86' lang='lat' dir='ltr'>poena</span> <span class='ocrx_word' id='word_1_46' title='bbox 313 697 413 747; x_wconf 83' lang='lat' dir='ltr'>solatia</span> <span class='ocrx_word' id='word_1_47' title='bbox 422 712 538 764; x_wconf 85' lang='lat' dir='ltr'>poscere</span> <span class='ocrx_word' id='word_1_48' title='bbox 550 697 647 750; x_wconf 88' lang='lat' dir='ltr'>luctus.</span> <span class='ocrx_word' id='word_1_49' title='bbox 733 697 783 750; x_wconf 78' lang='grc'>620</span> 
     </span>
    </p>

    <p class='ocr_par' dir='ltr' id='par_1_9' title="bbox 45 765 639 833">
     <span class='ocr_line' id='line_1_9' title="bbox 45 765 639 833; baseline -0.002 -15"><span class='ocrx_word' id='word_1_50' title='bbox 45 782 89 818; x_wconf 80' lang='lat' dir='ltr'>ero</span> <span class='ocrx_word' id='word_1_51' title='bbox 100 766 267 833; x_wconf 76' lang='lat' dir='ltr'>exprobrare</span> <span class='ocrx_word' id='word_1_52' title='bbox 278 767 377 826; x_wconf 86' lang='lat' dir='ltr'>sinant,</span> <span class='ocrx_word' id='word_1_53' title='bbox 387 765 438 816; x_wconf 89' lang='lat' dir='ltr'>sibi</span> <span class='ocrx_word' id='word_1_54' title='bbox 448 768 553 817; x_wconf 84' lang='lat' dir='ltr'>tristius</span> <span class='ocrx_word' id='word_1_55' title='bbox 563 766 639 817; x_wconf 91' lang='lat' dir='ltr'>illum</span> 
     </span>
    </p>

    <p class='ocr_par' dir='ltr' id='par_1_10' title="bbox 45 835 537 902">
     <span class='ocr_line' id='line_1_10' title="bbox 45 835 537 902; baseline 0 -16"><span class='ocrx_word' id='word_1_56' title='bbox 45 838 110 887; x_wconf 80' lang='lat' dir='ltr'>risse</span> <span class='ocrx_word' id='word_1_57' title='bbox 121 836 202 897; x_wconf 90' lang='lat' dir='ltr'>diem,</span> <span class='ocrx_word' id='word_1_58' title='bbox 214 850 267 902; x_wconf 88' lang='lat' dir='ltr'>que</span> <span class='ocrx_word' id='word_1_59' title='bbox 279 835 377 885; x_wconf 84' lang='lat' dir='ltr'>castris</span> <span class='ocrx_word' id='word_1_60' title='bbox 387 835 487 886; x_wconf 84' lang='lat' dir='ltr'>viderit</span> <span class='ocrx_word' id='word_1_61' title='bbox 496 837 537 886; x_wconf 82' lang='lat' dir='ltr'>ire</span> 
     </span>
    </p>

    <p class='ocr_par' dir='ltr' id='par_1_11' title="bbox 46 903 714 972">
     <span class='ocr_line' id='line_1_11' title="bbox 46 903 714 972; baseline 0.001 -17"><span class='ocrx_word' id='word_1_62' title='bbox 46 919 149 967; x_wconf 85' lang='lat' dir='ltr'>runem,</span> <span class='ocrx_word' id='word_1_63' title='bbox 160 919 242 972; x_wconf 89' lang='lat' dir='ltr'>quam</span> <span class='ocrx_word' id='word_1_64' title='bbox 251 917 306 972; x_wconf 86' lang='lat' dir='ltr'>que</span> <span class='ocrx_word' id='word_1_65' title='bbox 316 903 409 955; x_wconf 76' lang='lat' dir='ltr'>videet</span> <span class='ocrx_word' id='word_1_66' title='bbox 419 918 542 956; x_wconf 87' lang='lat' dir='ltr'>remeare</span> <span class='ocrx_word' id='word_1_67' title='bbox 553 907 611 956; x_wconf 88' lang='lat' dir='ltr'>sine</span> <span class='ocrx_word' id='word_1_68' title='bbox 624 906 714 956; x_wconf 88' lang='lat' dir='ltr'>armis.</span> 
     </span>
    </p>

    <p class='ocr_par' dir='ltr' id='par_1_12' title="bbox 49 972 658 1042">
     <span class='ocr_line' id='line_1_12' title="bbox 49 972 658 1042; baseline 0.003 -18"><span class='ocrx_word' id='word_1_69' title='bbox 49 974 132 1027; x_wconf 85' lang='lat' dir='ltr'>dietis</span> <span class='ocrx_word' id='word_1_70' title='bbox 144 972 239 1024; x_wconf 87' lang='lat' dir='ltr'>sedere</span> <span class='ocrx_word' id='word_1_71' title='bbox 251 974 350 1036; x_wconf 83' lang='lat' dir='ltr'>minae,</span> <span class='ocrx_word' id='word_1_72' title='bbox 363 979 392 1024; x_wconf 88' lang='lat' dir='ltr'>et</span> <span class='ocrx_word' id='word_1_73' title='bbox 403 988 535 1026; x_wconf 79' lang='lat' dir='ltr'>conversa</span> <span class='ocrx_word' id='word_1_74' title='bbox 544 979 658 1042; x_wconf 89' lang='lat' dir='ltr'>repente</span> 
     </span>
    </p>

    <p class='ocr_par' dir='ltr' id='par_1_13' title="bbox 46 1041 784 1111">
     <span class='ocr_line' id='line_1_13' title="bbox 46 1041 784 1111; baseline 0.003 -17"><span class='ocrx_word' id='word_1_75' title='bbox 46 1051 119 1094; x_wconf 84' lang='lat' dir='ltr'>tora:</span> <span class='ocrx_word' id='word_1_76' title='bbox 130 1041 261 1093; x_wconf 81' lang='lat' dir='ltr'>nunciati</span> <span class='ocrx_word' id='word_1_77' title='bbox 273 1044 398 1105; x_wconf 85' lang='lat' dir='ltr'>miseret,</span> <span class='ocrx_word' id='word_1_78' title='bbox 409 1059 481 1094; x_wconf 91' lang='lat' dir='ltr'>nunc</span> <span class='ocrx_word' id='word_1_79' title='bbox 490 1045 592 1111; x_wconf 84' lang='lat' dir='ltr'>gaudia</span> <span class='ocrx_word' id='word_1_80' title='bbox 601 1045 697 1097; x_wconf 86' lang='lat' dir='ltr'>Poene</span> <span class='ocrx_word' id='word_1_81' title='bbox 734 1044 784 1096; x_wconf 78' lang='lat'>625</span> 
     </span>
    </p>

    <p class='ocr_par' dir='ltr' id='par_1_14' title="bbox 46 1112 620 1179">
     <span class='ocr_line' id='line_1_14' title="bbox 46 1112 620 1179; baseline 0.002 -16"><span class='ocrx_word' id='word_1_82' title='bbox 46 1112 149 1164; x_wconf 89' lang='lat' dir='ltr'>sulibus</span> <span class='ocrx_word' id='word_1_83' title='bbox 159 1116 289 1175; x_wconf 82' lang='lat' dir='ltr'>reputant</span> <span class='ocrx_word' id='word_1_84' title='bbox 300 1113 388 1162; x_wconf 88' lang='lat' dir='ltr'>caesis</span> <span class='ocrx_word' id='word_1_85' title='bbox 400 1118 495 1179; x_wconf 88' lang='lat' dir='ltr'>erepta</span> <span class='ocrx_word' id='word_1_86' title='bbox 506 1114 620 1164; x_wconf 84' lang='lat' dir='ltr'>duobus.</span> 
     </span>
    </p>

    <p class='ocr_par' dir='ltr' id='par_1_15' title="bbox 46 1178 703 1250">
     <span class='ocr_line' id='line_1_15' title="bbox 46 1178 703 1250; baseline -0.002 -16"><span class='ocrx_word' id='word_1_87' title='bbox 46 1199 60 1234; x_wconf 82' lang='lat' dir='ltr'>e</span> <span class='ocrx_word' id='word_1_88' title='bbox 73 1196 154 1232; x_wconf 88' lang='lat' dir='ltr'>omne</span> <span class='ocrx_word' id='word_1_89' title='bbox 167 1179 281 1230; x_wconf 83' lang='lat' dir='ltr'>effundit</span> <span class='ocrx_word' id='word_1_90' title='bbox 289 1178 372 1247; x_wconf 77' lang='lat' dir='ltr'>lenge</span> <span class='ocrx_word' id='word_1_91' title='bbox 382 1182 438 1231; x_wconf 82' lang='lat' dir='ltr'>iem</span> <span class='ocrx_word' id='word_1_92' title='bbox 449 1196 478 1232; x_wconf 86' lang='lat' dir='ltr'>se</span> <span class='ocrx_word' id='word_1_93' title='bbox 489 1183 595 1249; x_wconf 82' lang='lat' dir='ltr'><strong>agmine</strong></span> <span class='ocrx_word' id='word_1_94' title='bbox 607 1182 703 1250; x_wconf 67' lang='lat' dir='ltr'>tulgus</span> 
     </span>
    </p>

    <p class='ocr_par' dir='ltr' id='par_1_16' title="bbox 46 1252 699 1317">
     <span class='ocr_line' id='line_1_16' title="bbox 46 1252 699 1317; baseline 0.002 -15"><span class='ocrx_word' id='word_1_95' title='bbox 46 1256 164 1312; x_wconf 85' lang='lat' dir='ltr'>tantum,</span> <span class='ocrx_word' id='word_1_96' title='bbox 174 1263 328 1317; x_wconf 83' lang='lat' dir='ltr'>magnaque</span> <span class='ocrx_word' id='word_1_97' title='bbox 339 1254 430 1300; x_wconf 85' lang='lat' dir='ltr'>actum</span> <span class='ocrx_word' id='word_1_98' title='bbox 443 1265 472 1301; x_wconf 86' lang='lat' dir='ltr'>se</span> <span class='ocrx_word' id='word_1_99' title='bbox 482 1252 594 1303; x_wconf 87' lang='lat' dir='ltr'>credere</span> <span class='ocrx_word' id='word_1_100' title='bbox 608 1256 699 1303; x_wconf 88' lang='lat' dir='ltr'>mente</span> 
     </span>
    </p>

    <p class='ocr_par' dir='ltr' id='par_1_17' title="bbox 46 1317 713 1388">
     <span class='ocr_line' id='line_1_17' title="bbox 46 1317 713 1388; baseline 0 -15"><span class='ocrx_word' id='word_1_101' title='bbox 46 1327 147 1381; x_wconf 85' lang='lat' dir='ltr'>tantur,</span> <span class='ocrx_word' id='word_1_102' title='bbox 160 1318 242 1386; x_wconf 88' lang='lat' dir='ltr'>qued,</span> <span class='ocrx_word' id='word_1_103' title='bbox 254 1317 320 1370; x_wconf 77' lang='lat' dir='ltr'>fisus</span> <span class='ocrx_word' id='word_1_104' title='bbox 331 1319 389 1370; x_wconf 84' lang='lat' dir='ltr'>avis</span> <span class='ocrx_word' id='word_1_105' title='bbox 399 1321 569 1388; x_wconf 75' lang='lat' dir='ltr'>sceptrisque</span> <span class='ocrx_word' id='word_1_106' title='bbox 580 1322 713 1388; x_wconf 87' lang='lat' dir='ltr'>superbis,</span> 
     </span>
    </p>

    <p class='ocr_par' dir='ltr' id='par_1_18' title="bbox 47 1388 785 1455">
     <span class='ocr_line' id='line_1_18' title="bbox 47 1388 785 1455; baseline -0.004 -12"><span class='ocrx_word' id='word_1_107' title='bbox 47 1388 253 1443; x_wconf 84' lang='lat' dir='ltr'>medontindum</span> <span class='ocrx_word' id='word_1_108' title='bbox 263 1403 318 1440; x_wconf 87' lang='lat' dir='ltr'>nen</span> <span class='ocrx_word' id='word_1_109' title='bbox 329 1388 516 1455; x_wconf 87' lang='lat' dir='ltr'>desperaverit</span> <span class='ocrx_word' id='word_1_110' title='bbox 527 1391 595 1441; x_wconf 90' lang='lat' dir='ltr'>urbi.</span> <span class='ocrx_word' id='word_1_111' title='bbox 735 1392 785 1442; x_wconf 79' lang='lat'>63⁰</span> 
     </span>
    </p>

    <p class='ocr_par' dir='ltr' id='par_1_19' title="bbox 53 1457 641 1528">
     <span class='ocr_line' id='line_1_19' title="bbox 53 1457 641 1528; baseline 0 -17"><span class='ocrx_word' id='word_1_112' title='bbox 53 1462 142 1511; x_wconf 85' lang='lat' dir='ltr'>minus</span> <span class='ocrx_word' id='word_1_113' title='bbox 152 1457 246 1509; x_wconf 81' lang='lat' dir='ltr'>infelix</span> <span class='ocrx_word' id='word_1_114' title='bbox 258 1458 364 1525; x_wconf 84' lang='lat' dir='ltr'>culpae,</span> <span class='ocrx_word' id='word_1_115' title='bbox 375 1459 525 1528; x_wconf 80' lang='lat' dir='ltr'>grandique</span> <span class='ocrx_word' id='word_1_116' title='bbox 537 1460 641 1527; x_wconf 89' lang='lat' dir='ltr'>pudore</span> 
     </span>
    </p>

    <p class='ocr_par' dir='ltr' id='par_1_20' title="bbox 46 1527 723 1598">
     <span class='ocr_line' id='line_1_20' title="bbox 46 1527 723 1598; baseline 0.003 -17"><span class='ocrx_word' id='word_1_117' title='bbox 46 1532 140 1591; x_wconf 87' lang='lat' dir='ltr'>batus,</span> <span class='ocrx_word' id='word_1_118' title='bbox 152 1527 252 1579; x_wconf 84' lang='lat' dir='ltr'>Consul</span> <span class='ocrx_word' id='word_1_119' title='bbox 261 1529 425 1580; x_wconf 75' lang='lat' dir='ltr'>titubantem</span> <span class='ocrx_word' id='word_1_120' title='bbox 437 1529 471 1579; x_wconf 82' lang='lat' dir='ltr'>ad</span> <span class='ocrx_word' id='word_1_121' title='bbox 482 1531 592 1580; x_wconf 86' lang='lat' dir='ltr'>moenia</span> <span class='ocrx_word' id='word_1_122' title='bbox 601 1545 723 1598; x_wconf 81' lang='lat' dir='ltr'>gressum</span> 
     </span>
    </p>

    <p class='ocr_par' dir='ltr' id='par_1_21' title="bbox 46 1598 703 1663">
     <span class='ocr_line' id='line_1_21' title="bbox 46 1598 703 1663; baseline 0.003 -13"><span class='ocrx_word' id='word_1_123' title='bbox 46 1600 122 1650; x_wconf 87' lang='lat' dir='ltr'>tabat</span> <span class='ocrx_word' id='word_1_124' title='bbox 132 1598 291 1648; x_wconf 82' lang='lat' dir='ltr'>lacrimans:</span> <span class='ocrx_word' id='word_1_125' title='bbox 304 1598 441 1650; x_wconf 85' lang='lat' dir='ltr'>deiectum</span> <span class='ocrx_word' id='word_1_126' title='bbox 452 1598 579 1650; x_wconf 80' lang='lat' dir='ltr'>attollere</span> <span class='ocrx_word' id='word_1_127' title='bbox 590 1600 703 1663; x_wconf 86' lang='lat' dir='ltr'>vultum,</span> 
     </span>
    </p>

    <p class='ocr_par' dir='ltr' id='par_1_22' title="bbox 46 1667 716 1737">
     <span class='ocr_line' id='line_1_22' title="bbox 46 1667 716 1737; baseline 0 -17"><span class='ocrx_word' id='word_1_128' title='bbox 46 1670 154 1720; x_wconf 78' lang='lat' dir='ltr'>›atriam</span> <span class='ocrx_word' id='word_1_129' title='bbox 166 1667 299 1733; x_wconf 78' lang='lat' dir='ltr'>aspicere,</span> <span class='ocrx_word' id='word_1_130' title='bbox 313 1674 341 1718; x_wconf 93' lang='lat' dir='ltr'>et</span> <span class='ocrx_word' id='word_1_131' title='bbox 350 1667 441 1718; x_wconf 90' lang='lat' dir='ltr'>luctus</span> <span class='ocrx_word' id='word_1_132' title='bbox 452 1682 585 1718; x_wconf 83' lang='lat' dir='ltr'>renovare</span> <span class='ocrx_word' id='word_1_133' title='bbox 596 1670 716 1737; x_wconf 78' lang='lat' dir='ltr'>pigebat.</span> 
     </span>
    </p>

    <p class='ocr_par' dir='ltr' id='par_1_23' title="bbox 46 1735 785 1805">
     <span class='ocr_line' id='line_1_23' title="bbox 46 1735 785 1805; baseline 0.001 -17"><span class='ocrx_word' id='word_1_134' title='bbox 46 1738 69 1788; x_wconf 80' lang='lat' dir='ltr'>d</span> <span class='ocrx_word' id='word_1_135' title='bbox 80 1751 146 1788; x_wconf 82' lang='lat' dir='ltr'>vern</span> <span class='ocrx_word' id='word_1_136' title='bbox 159 1736 254 1789; x_wconf 82' lang='lat' dir='ltr'>reduci</span> <span class='ocrx_word' id='word_1_137' title='bbox 263 1741 322 1786; x_wconf 90' lang='lat' dir='ltr'>tum</span> <span class='ocrx_word' id='word_1_138' title='bbox 334 1751 364 1786; x_wconf 90' lang='lat' dir='ltr'>se</span> <span class='ocrx_word' id='word_1_139' title='bbox 375 1737 544 1802; x_wconf 88' lang='lat' dir='ltr'>populusque</span> <span class='ocrx_word' id='word_1_140' title='bbox 555 1735 706 1805; x_wconf 81' lang='lat' dir='ltr'>Patresquc</span> <span class='ocrx_word' id='word_1_141' title='bbox 736 1738 785 1789; x_wconf 80' lang='grc'>635</span> 
     </span>
    </p>

    <p class='ocr_par' dir='ltr' id='par_1_24' title="bbox 46 1804 610 1870">
     <span class='ocr_line' id='line_1_24' title="bbox 46 1804 610 1870; baseline -0.005 -13"><span class='ocrx_word' id='word_1_142' title='bbox 46 1813 136 1869; x_wconf 80' lang='lat' dir='ltr'>urent,</span> <span class='ocrx_word' id='word_1_143' title='bbox 148 1821 202 1856; x_wconf 86' lang='lat' dir='ltr'>neu</span> <span class='ocrx_word' id='word_1_144' title='bbox 248 1806 331 1868; x_wconf 85' lang='lat' dir='ltr'>atari;</span> <span class='ocrx_word' id='word_1_145' title='bbox 344 1804 392 1854; x_wconf 89' lang='lat' dir='ltr'>sed</span> <span class='ocrx_word' id='word_1_146' title='bbox 403 1819 518 1870; x_wconf 87' lang='lat' dir='ltr'>poscere</span> <span class='ocrx_word' id='word_1_147' title='bbox 530 1811 610 1854; x_wconf 84' lang='lat' dir='ltr'>netes</span> 
     </span>
    </p>

    <p class='ocr_par' dir='ltr' id='par_1_25' title="bbox 46 1872 724 1994">
     <span class='ocr_line' id='line_1_25' title="bbox 46 1872 724 1944; baseline -0.006 -16"><span class='ocrx_word' id='word_1_148' title='bbox 46 1891 108 1944; x_wconf 74' lang='lat' dir='ltr'>nque</span> <span class='ocrx_word' id='word_1_149' title='bbox 119 1890 197 1936; x_wconf 87' lang='lat' dir='ltr'>suos,</span> <span class='ocrx_word' id='word_1_150' title='bbox 227 1879 369 1942; x_wconf 75' lang='lat' dir='ltr'>intresque</span> <span class='ocrx_word' id='word_1_151' title='bbox 385 1872 477 1935; x_wconf 88' lang='lat' dir='ltr'>simul,</span> <span class='ocrx_word' id='word_1_152' title='bbox 494 1873 663 1940; x_wconf 83' lang='lat' dir='ltr'>miseraeque</span> <span class='ocrx_word' id='word_1_153' title='bbox 678 1888 724 1940; x_wconf 82' lang='lat' dir='ltr'>pa·</span> 
     </span>
     <span class='ocr_line' id='line_1_26' title="bbox 461 1948 553 1994; baseline 0.022 -2"><span class='ocrx_word' id='word_1_154' title='bbox 461 1948 553 1994; x_wconf 85' lang='lat' dir='ltr'>rentes</span> 
     </span>
    </p>

    <p class='ocr_par' dir='ltr' id='par_1_26' title="bbox 46 2011 615 2066">
     <span class='ocr_line' id='line_1_27' title="bbox 46 2011 615 2066; baseline -0.007 -1"><span class='ocrx_word' id='word_1_155' title='bbox 46 2013 204 2066; x_wconf 79' lang='lat' dir='ltr'>ridebantur</span> <span class='ocrx_word' id='word_1_156' title='bbox 214 2012 363 2064; x_wconf 74' lang='lat' dir='ltr'>laceranda</span> <span class='ocrx_word' id='word_1_157' title='bbox 374 2011 409 2063; x_wconf 86' lang='lat' dir='ltr'>ad</span> <span class='ocrx_word' id='word_1_158' title='bbox 422 2011 546 2064; x_wconf 84' lang='lat' dir='ltr'>consulis</span> <span class='ocrx_word' id='word_1_159' title='bbox 557 2025 615 2063; x_wconf 85' lang='lat' dir='ltr'>era.</span> 
     </span>
    </p>

    <p class='ocr_par' dir='ltr' id='par_1_27' title="bbox 46 2082 608 2152">
     <span class='ocr_line' id='line_1_28' title="bbox 46 2082 608 2152; baseline -0.005 -17"><span class='ocrx_word' id='word_1_160' title='bbox 46 2085 126 2152; x_wconf 80' lang='lat' dir='ltr'>igitur</span> <span class='ocrx_word' id='word_1_161' title='bbox 136 2087 213 2133; x_wconf 90' lang='lat' dir='ltr'>muto</span> <span class='ocrx_word' id='word_1_162' title='bbox 224 2082 321 2133; x_wconf 88' lang='lat' dir='ltr'>lictore</span> <span class='ocrx_word' id='word_1_163' title='bbox 331 2083 456 2133; x_wconf 85' lang='lat' dir='ltr'>invectus</span> <span class='ocrx_word' id='word_1_164' title='bbox 466 2084 494 2132; x_wconf 91' lang='lat' dir='ltr'>in</span> <span class='ocrx_word' id='word_1_165' title='bbox 504 2082 608 2142; x_wconf 85' lang='lat' dir='ltr'>urbem,</span> 
     </span>
    </p>

    <p class='ocr_par' dir='ltr' id='par_1_28' title="bbox 47 2149 786 2218">
     <span class='ocr_line' id='line_1_29' title="bbox 47 2149 786 2218; baseline -0.003 -16"><span class='ocrx_word' id='word_1_166' title='bbox 47 2157 153 2203; x_wconf 88' lang='lat' dir='ltr'>matum</span> <span class='ocrx_word' id='word_1_167' title='bbox 165 2150 278 2218; x_wconf 82' lang='lat' dir='ltr'>Superis</span> <span class='ocrx_word' id='word_1_168' title='bbox 289 2152 488 2218; x_wconf 79' lang='lat' dir='ltr'>aspernabatur</span> <span class='ocrx_word' id='word_1_169' title='bbox 498 2149 639 2202; x_wconf 86' lang='lat' dir='ltr'>bonorem.</span> <span class='ocrx_word' id='word_1_170' title='bbox 736 2149 786 2200; x_wconf 73' lang='lat' dir='ltr'>bid</span> 
     </span>
    </p>

    <p class='ocr_par' dir='ltr' id='par_1_29' title="bbox 46 2220 675 2287">
     <span class='ocr_line' id='line_1_30' title="bbox 46 2220 675 2287; baseline -0.002 -15"><span class='ocrx_word' id='word_1_171' title='bbox 46 2227 128 2272; x_wconf 78' lang='lat' dir='ltr'>&#39;atres</span> <span class='ocrx_word' id='word_1_172' title='bbox 138 2220 304 2287; x_wconf 81' lang='lat' dir='ltr'>Fabiusque,</span> <span class='ocrx_word' id='word_1_173' title='bbox 316 2221 412 2287; x_wconf 88' lang='lat' dir='ltr'>procul</span> <span class='ocrx_word' id='word_1_174' title='bbox 422 2235 548 2273; x_wconf 88' lang='lat' dir='ltr'>maerere</span> <span class='ocrx_word' id='word_1_175' title='bbox 558 2227 675 2282; x_wconf 84' lang='lat' dir='ltr'>remote,</span> 
     </span>
    </p>

    <p class='ocr_par' dir='ltr' id='par_1_30' title="bbox 47 2289 655 2357">
     <span class='ocr_line' id='line_1_31' title="bbox 47 2289 655 2357; baseline -0.003 -15"><span class='ocrx_word' id='word_1_176' title='bbox 47 2292 177 2357; x_wconf 85' lang='lat' dir='ltr'>ecipitant</span> <span class='ocrx_word' id='word_1_177' title='bbox 189 2304 276 2340; x_wconf 85' lang='lat' dir='ltr'>curus.</span> <span class='ocrx_word' id='word_1_178' title='bbox 305 2289 415 2356; x_wconf 85' lang='lat' dir='ltr'>Raptim</span> <span class='ocrx_word' id='word_1_179' title='bbox 427 2291 534 2342; x_wconf 85' lang='lat' dir='ltr'>delecte</span> <span class='ocrx_word' id='word_1_180' title='bbox 543 2293 655 2342; x_wconf 87' lang='lat' dir='ltr'>iuventa</span> 
     </span>
    </p>

    <p class='ocr_par' dir='ltr' id='par_1_31' title="bbox 47 2359 645 2422">
     <span class='ocr_line' id='line_1_32' title="bbox 47 2359 645 2422; baseline -0.007 -10"><span class='ocrx_word' id='word_1_181' title='bbox 47 2362 108 2412; x_wconf 79' lang='lat' dir='ltr'>ritis</span> <span class='ocrx_word' id='word_1_182' title='bbox 118 2365 273 2422; x_wconf 61' lang='lat' dir='ltr'>armentum</span> <span class='ocrx_word' id='word_1_183' title='bbox 285 2372 337 2409; x_wconf 91' lang='lat' dir='ltr'>nec</span> <span class='ocrx_word' id='word_1_184' title='bbox 347 2359 450 2410; x_wconf 81' lang='lat' dir='ltr'>claudit</span> <span class='ocrx_word' id='word_1_185' title='bbox 461 2366 553 2411; x_wconf 84' lang='lat' dir='ltr'>castra</span> <span class='ocrx_word' id='word_1_186' title='bbox 564 2360 645 2412; x_wconf 80' lang='lat' dir='ltr'>saluti</span> 
     </span>
    </p>

    <p class='ocr_par' dir='ltr' id='par_1_32' title="bbox 47 2427 675 2498">
     <span class='ocr_line' id='line_1_33' title="bbox 47 2427 675 2498; baseline -0.006 -17"><span class='ocrx_word' id='word_1_187' title='bbox 47 2431 164 2498; x_wconf 86' lang='lat' dir='ltr'>tpositus</span> <span class='ocrx_word' id='word_1_188' title='bbox 174 2429 271 2496; x_wconf 86' lang='lat' dir='ltr'>pudor.</span> <span class='ocrx_word' id='word_1_189' title='bbox 300 2427 416 2479; x_wconf 82' lang='lat' dir='ltr'>lnlixum</span> <span class='ocrx_word' id='word_1_190' title='bbox 426 2435 468 2479; x_wconf 90' lang='lat' dir='ltr'>est</span> <span class='ocrx_word' id='word_1_191' title='bbox 478 2431 580 2480; x_wconf 80' lang='lat' dir='ltr'>Aeneia</span> <span class='ocrx_word' id='word_1_192' title='bbox 589 2442 675 2494; x_wconf 81' lang='lat' dir='ltr'>regna</span> 
     </span>
    </p>

    <p class='ocr_par' dir='ltr' id='par_1_33' title="bbox 47 2495 786 2565">
     <span class='ocr_line' id='line_1_34' title="bbox 47 2495 786 2565; baseline -0.005 -14"><span class='ocrx_word' id='word_1_193' title='bbox 47 2514 139 2551; x_wconf 86' lang='lat' dir='ltr'>earum</span> <span class='ocrx_word' id='word_1_194' title='bbox 150 2500 178 2549; x_wconf 91' lang='lat' dir='ltr'>in</span> <span class='ocrx_word' id='word_1_195' title='bbox 189 2498 263 2565; x_wconf 79' lang='lat' dir='ltr'>leges</span> <span class='ocrx_word' id='word_1_196' title='bbox 276 2512 438 2564; x_wconf 84' lang='lat' dir='ltr'>quecunque</span> <span class='ocrx_word' id='word_1_197' title='bbox 449 2497 581 2548; x_wconf 89' lang='lat' dir='ltr'>reducere</span> <span class='ocrx_word' id='word_1_198' title='bbox 592 2496 701 2560; x_wconf 70' lang='lat' dir='ltr'>dextre,</span> <span class='ocrx_word' id='word_1_199' title='bbox 735 2495 786 2548; x_wconf 72' lang='lat'>645</span> 
     </span>
    </p>

    <p class='ocr_par' dir='ltr' id='par_1_34' title="bbox 47 2565 652 2686">
     <span class='ocr_line' id='line_1_35' title="bbox 47 2565 652 2686; baseline -0.002 -66"><span class='ocrx_word' id='word_1_200' title='bbox 47 2584 99 2686; x_wconf 80' lang='lat' dir='ltr'>que</span> <span class='ocrx_word' id='word_1_201' title='bbox 110 2582 174 2619; x_wconf 87' lang='lat' dir='ltr'>arce</span> <span class='ocrx_word' id='word_1_202' title='bbox 185 2573 214 2618; x_wconf 92' lang='lat' dir='ltr'>et</span> <span class='ocrx_word' id='word_1_203' title='bbox 224 2568 340 2635; x_wconf 85' lang='lat' dir='ltr'>sceptris</span> <span class='ocrx_word' id='word_1_204' title='bbox 351 2572 380 2619; x_wconf 85' lang='lat' dir='ltr'>et</span> <span class='ocrx_word' id='word_1_205' title='bbox 389 2565 530 2621; x_wconf 83' lang='lat' dir='ltr'>libertatis</span> <span class='ocrx_word' id='word_1_206' title='bbox 535 2565 652 2620; x_wconf 75' lang='lat' dir='ltr'>benere</span> 
     </span>
    </p>

    <p class='ocr_par' dir='ltr' id='par_1_35' title="bbox 55 2637 729 2696">
     <span class='ocr_line' id='line_1_36' title="bbox 55 2637 729 2696; baseline 0 -10"><span class='ocrx_word' id='word_1_207' title='bbox 55 2637 160 2688; x_wconf 78' lang='lat' dir='ltr'>amulas</span> <span class='ocrx_word' id='word_1_208' title='bbox 170 2651 281 2692; x_wconf 88' lang='lat' dir='ltr'>armare</span> <span class='ocrx_word' id='word_1_209' title='bbox 291 2655 402 2694; x_wconf 75' lang='lat' dir='ltr'>nunnus.</span> <span class='ocrx_word' id='word_1_210' title='bbox 431 2641 729 2696; x_wconf 77' lang='lat' dir='ltr'>Primaerasuurum</span> 
     </span>
    </p>
   </div>
   <div class='ocr_carea' id='block_1_3' title="bbox 47 2706 739 2783">
    <p class='ocr_par' dir='ltr' id='par_1_36' title="bbox 47 2706 739 2783">
     <span class='ocr_line' id='line_1_37' title="bbox 47 2706 739 2783; baseline 0.013 -27"><span class='ocrx_word' id='word_1_211' title='bbox 47 2720 96 2754; x_wconf 74' lang='lat' dir='ltr'>ore</span> <span class='ocrx_word' id='word_1_212' title='bbox 104 2711 260 2770; x_wconf 83' lang='lat' dir='ltr'>praetextu</span> <span class='ocrx_word' id='word_1_213' title='bbox 272 2713 406 2783; x_wconf 86' lang='lat' dir='ltr'>spoliant</span> <span class='ocrx_word' id='word_1_214' title='bbox 416 2716 584 2780; x_wconf 75' lang='lat' dir='ltr'>velamine,</span> <span class='ocrx_word' id='word_1_215' title='bbox 597 2706 739 2766; x_wconf 52' lang='lat' dir='ltr'>etaim</span> 
     </span>
    </p>
   </div>
   <div class='ocr_carea' id='block_1_4' title="bbox 0 0 967 2962">
    <p class='ocr_par' dir='ltr' id='par_1_37' title="bbox 0 0 967 2962">
     <span class='ocr_line' id='line_1_38' title="bbox 0 0 967 2962; baseline 0 0"><span class='ocrx_word' id='word_1_216' title='bbox 0 0 967 2962; x_wconf 95' lang='lat' dir='ltr'> </span> 
     </span>
    </p>
   </div>
  </div>
 </body>
</html>
