1920 2962
206 114 456 168 PUNIGORUM
484 116 567 169 ΜΒ.
591 118 639 169 Xi.
746 121 796 173 231

52 236 124 306 igne
133 237 228 298 micat,
240 241 307 288 tune
315 237 363 288 ilia
371 238 432 299 riri,
444 252 514 305 quae
524 238 627 290 vertite
637 236 735 303 fundit,

51 306 183 358 Fulmina
193 306 352 371 pertulerim
363 308 386 357 si
397 309 456 358 riso
466 308 608 358 intorserit
617 322 681 360 ense

50 374 164 438 Dirum
175 389 230 443 qua
239 377 322 426 vertit
332 391 383 443 per
393 391 505 443 campos
517 391 533 426 a
553 377 634 438 mina,
646 375 760 428 racemi

50 445 140 498 Fallit
148 450 186 507 te,
198 459 306 496 mensas
315 447 387 497 inter
398 445 471 515 quod
483 391 571 496 erariis
579 447 719 496 inermem

51 515 115 566 Tot
124 514 204 566 bellis
217 517 341 581 quaesita
352 517 420 578 viro,
433 521 477 565 tot
487 513 617 565 caedibus
629 521 718 565 armat
806 514 856 565 345

48 582 190 636 Maiestas
202 590 315 634 aeterna
324 586 431 636 ducem.
459 582 489 634 Si
500 584 653 634 admoveris
664 598 722 646 ora,

50 654 179 715 Cannae,
200 659 229 704 et
243 653 373 706 Trebiam
389 659 453 704 ante
469 653 578 715 oculos,
595 650 796 719 Thrasymenn-

553 721 687 784 uenuste,

48 793 91 844 Et
103 791 196 843 Paulli
205 796 279 842 stare
290 791 430 856 ingentem
440 738 582 842 mirabgris
592 791 723 841 umbram.

52 858 148 924 Quint
160 861 276 911 tantuin
288 874 355 910 casn
366 860 497 910 comitum
506 860 638 927 iuxtaque
647 861 784 911 iacentum

51 929 223 997 Torpebunt
231 927 363 980 dextraei
374 927 471 992 Parce,
484 943 543 992 oro,
554 935 583 980 et
593 929 686 981 desine
695 929 773 993 veile,
807 928 857 981 350

52 1000 106 1052 Cui
117 1013 241 1066 nequeas
252 999 342 1049 vietur
352 1013 506 1065 superesse.
535 1000 576 1049 An
585 1001 676 1050 tristia
686 1000 776 1050 vincia

51 1068 92 1121 Et
101 1068 209 1121 Decius
221 1082 276 1118 non
288 1066 416 1117 erudiunt
428 1081 593 1133 componere
602 1066 737 1118 mentemi

54 1136 138 1190 Talia
152 1149 380 1197 commemorans,
390 1135 482 1186 famae
493 1137 605 1186 maioris
618 1150 710 1186 amore

52 1206 235 1276 Flagrantem
247 1210 277 1255 ut
286 1203 354 1254 ridit
363 1205 488 1255 iuvenem
498 1205 779 1271 surdumquetimori3

53 1274 101 1329 Nil
112 1276 189 1327 ultra
198 1288 294 1340 posco,
305 1273 417 1324 referia
429 1275 552 1324 convitia
562 1288 700 1342 gressum:
807 1274 856 1325 355

54 1348 288 1413 Αρρτοροτωιιιιε,
300 1345 346 1393 ait.
374 1343 435 1394 Non
444 1345 499 1394 iam
508 1344 559 1394 tibi
568 1348 684 1409 pectora
693 1343 772 1410 pubis

56 1413 188 1467 Sidoniae
198 1412 330 1464 fodienda
339 1428 421 1465 manu
431 1415 549 1464 tutantia
560 1427 661 1479 regem.

55 1484 121 1536 Hoc
131 1482 227 1551 iugulo
239 1483 363 1533 dextram
375 1483 496 1549 explora.
531 1481 654 1549 Namque
668 1480 737 1533 haee
748 1482 797 1533 tibi

534 1551 646 1612 ferrum,

59 1619 89 1673 Si
98 1620 223 1673 Poenum
234 1622 366 1672 invasisse
377 1635 468 1686 paras,
480 1635 530 1685 per
540 1622 647 1670 riscera
658 1619 761 1669 ferrum

58 1688 164 1742 Nostra
184 1696 225 1740 est
245 1689 408 1740 ducendum.
441 1687 563 1738 Tardam
583 1701 617 1737 ne
640 1701 738 1753 sperne
759 1703 800 1737 se·

307 1769 308 1772 ’
536 1761 653 1806 nectam.
811 1757 860 1807 360

61 1830 208 1897 Opponam
218 1826 354 1888 membra,
371 1831 453 1893 atque
465 1838 559 1876 ensem
576 1830 740 1891 extorquere
755 1839 800 1875 ne-

537 1898 631 1961 gatum

60 1967 155 2019 Morte
163 1980 226 2018 mea
235 1966 359 2032 eripiam.
371 1963 518 2015 Lacrimae
529 1970 595 2014 tune
607 1963 800 2030 oreproiusae‚

60 2036 99 2087 Et
108 2050 137 2087 m
194 2050 210 2084 a
222 2032 356 2101 Superum
368 2049 434 2085 cura
444 2040 570 2085 servatus
580 2035 608 2084 in
619 2049 696 2085 arma

61 2048 208 2172 supffle
220 2103 342 2167 Poenus3
354 2119 406 2154 nec
417 2108 523 2153 tantum
533 2102 592 2153 iata
603 2103 737 2155 dederunt

60 2174 186 2227 Externa
196 2174 292 2240 peragi
302 2173 407 2224 dextra.
440 2171 642 2224 Pulcherrimus
653 2175 720 2235 irae,
810 2171 860 2223 365

61 2244 99 2295 nt
108 2242 207 2311 dignus
218 2242 278 2293 fieri
288 2255 401 2308 compos
411 2233 596 2293 memorabilis
608 2244 676 2304 ausi,

61 2313 160 2364 Amisit
171 2317 301 2379 quantam
312 2311 404 2377 posito
416 2312 557 2363 conamine
567 2311 685 2371 laudem,

61 2382 111 2433 Oui
122 2387 230 2433 tantum
242 2387 285 2433 est
295 2381 413 2431 roimsse
425 2379 524 2432 deensi
535 2383 607 2432 Tum
618 2378 733 2430 reddere
740 2393 800 2431 sese

59 2451 206 2504 Festinant
217 2450 312 2517 epulis,
324 2456 353 2501 et
360 2450 451 2500 tristia
459 2448 550 2501 fronte
562 2452 705 2500 serenant:

60 2520 160 2572 Donee
170 2520 243 2572 laeta
256 2521 343 2571 rirdm
354 2519 435 2571 solvit
445 2519 572 2570 convivia
581 2532 706 2571 sumnus.
816 2518 876 2566 ”aaa

58 2588 176 2640 Postera
185 2589 235 2639 iux
243 2587 430 2644 Phaethontis
442 2606 535 2663 equas
545 2589 681 2660 preierre
689 2585 834 2655 patanae»

47 2656 107 2706 ¹³⁹¹
117 2658 219 2722 rapido
229 2663 346 2716 summis
360 2680 452 2720 curru
465 2665 644 2738 splendente
655 2658 714 2714 sun
721 2652 832 2708 nudus·-
