1920 2962
239 156 487 212 Punicorum
512 158 594 213 ΜΒ.
621 159 668 213 IV.
788 162 822 214 ‘it

86 277 147 332 Nec
156 293 222 330 vero
234 280 326 341 muris,
338 278 433 346 quibus
444 285 487 331 cst
495 280 601 331 luctato
610 286 742 343 vetustas,

84 349 172 401 Ferre
177 356 320 399 morantur
326 362 418 415 opem:
428 348 672 411 subvectantsaxa,
684 364 821 417 cavasque

83 418 248 468 Retruetant
258 422 357 479 turres
369 417 426 468 edit
435 433 502 485 quas
513 417 620 486 longior
630 425 716 470 oetas.

82 486 158 537 Hinc
166 485 224 537 tela
234 487 371 552 accipiunt
382 501 474 551 arces3
493 502 526 537 ac
537 487 639 539 robora
649 489 747 553 portis,

83 557 122 607 Et
132 555 202 606 fidos
212 560 319 606 certant
330 555 423 606 obices
434 570 573 608 arcessere
585 557 665 607 silva:

84 624 263 676 Gircumdant
272 623 371 675 fossus.
389 624 472 675 Haud
482 627 573 694 segnis
584 630 684 676 cuncta
692 624 825 692 magister
849 628 864 675 2

82 694 254 758 Praecipitat
262 695 354 757 timor,
365 708 399 744 ac
408 695 494 745 rastis
504 694 657 761 trepidatur
666 695 694 745 in
706 695 786 744 arvis.

82 763 239 814 Deseruere
248 762 351 813 larome
365 767 477 829 portent
487 764 638 814 cervicibus
649 778 747 831 aegras

81 832 201 882 Attoniti
210 837 322 893 matres,
334 831 519 899 ducentosque
528 832 626 882 ultima
634 832 681 881 iila

82 901 264 959 Grandaeros
274 915 391 967 rapuere
401 914 495 951 senes:
513 907 571 951 tum
584 901 659 951 cn‘ne
670 901 760 951 soluto

81 972 153 1021 Ante
164 971 255 1038 agitur
277 971 390 1034 coniux3
409 968 508 1020 dextra
516 970 648 1038 laevaque
660 967 806 1020 trahuntur
846 969 880 1020 30

80 1039 174 1102 Parvi,
186 1054 240 1090 non
251 1054 338 1107 aequo
351 1040 514 1091 comitantes
525 1040 629 1103 ordine,
640 1040 705 1090 nati.

80 1107 130 1162 sie
140 1109 237 1176 vulgus
247 1108 412 1176 traduntque
423 1115 521 1170 metus,
532 1124 583 1159 nec
592 1111 718 1176 poscitur
727 1114 833 1158 auctor.

79 1180 118 1229 nt
127 1178 225 1228 Patres
235 1180 246 1239 i
252 1192 406 1247 quanquam
418 1182 558 1227 exterrent
566 1180 696 1228 immania
707 1183 815 1243 coepta,

81 1248 168 1314 Inque
179 1248 239 1297 sinu
248 1246 363 1311 belium3
382 1253 464 1314 atque
475 1246 555 1312 Alpes
567 1252 595 1297 et
605 1248 699 1312 pervia
708 1260 777 1296 saxa

80 1317 242 1382 Decepere)
255 1322 346 1367 temen
360 1316 471 1367 crudam
484 1321 581 1365 contra
592 1327 689 1382 aspera
700 1321 819 1366 mentem
847 1314 880 1365 at

79 1387 119 1436 Et
130 1399 243 1452 niagnos
254 1385 353 1436 tollunt
363 1387 476 1436 animos.
496 1385 576 1436 luvet
586 1386 626 1436 ire
636 1385 744 1452 periclis

77 1453 122 1505 nd
133 1453 225 1515 decus,
238 1461 267 1505 et
278 1455 376 1506 dextra
386 1454 592 1506 memorandum
603 1454 721 1506 condere
731 1469 840 1517 nomen,

79 1523 170 1585 Quale
181 1523 257 1574 dedit
266 1539 403 1591 nunquam
413 1524 496 1575 rebus
507 1526 630 1576 Fortuna
640 1524 775 1575 secundis.

78 1591 137 1644 Sed
149 1591 257 1658 Libyae
266 1593 365 1644 ductor
376 1599 438 1644 tuto
449 1593 526 1645 fovet
536 1595 645 1662 agmina
654 1593 726 1644 valio

77 1663 168 1714 Fessa
178 1661 302 1728 gradum,
313 1662 454 1729 multoque
466 1663 529 1730 gelu
538 1664 677 1730 torpentia
686 1678 799 1713 nervos:
845 1666 880 1716 to

78 1729 248 1799 §claudique
259 1746 354 1799 genus,
364 1731 445 1782 laetis
456 1738 579 1782 ostentat
589 1732 623 1781 ad
635 1732 734 1782 Urbem

77 1800 136 1852 Per
147 1813 259 1864 campos
270 1814 415 1865 superesse
425 1799 506 1861 mom,
517 1800 684 1865 Romamque
696 1799 746 1850 sub
757 1800 822 1851 ictu.

80 1871 116 1921 nt
125 1885 181 1919 non
193 1873 223 1918 et
231 1882 323 1918 rorum
334 1880 414 1918 ouras
425 1866 603 1935 consulteque
612 1866 675 1917 beili

82 1935 162 1990 Stare
173 1935 282 2005 probat,
292 1936 420 2004 solusque
431 1937 526 2002 nequit
534 1934 656 2002 perferre
669 1937 796 2004 quietem.

87 2006 234 2058 irmiierae
247 2006 384 2074 quondam
395 2007 487 2073 prisca
495 2007 568 2057 inter
578 2011 704 2072 tempora
713 2012 810 2074 gentes
844 2007 879 2060 st

91 2077 231 2128 iusonium
240 2077 367 2128 invasere
377 2075 459 2138 laus,
469 2075 603 2142 sedesque
612 2077 724 2140 beatam

96 2147 118 2197 it
127 2147 214 2196 metui
223 2160 356 2212 peperere
367 2159 457 2195 manu.
484 2146 552 2195 Mox
561 2147 645 2211 impia
655 2145 728 2196 bella

101 2217 218 2281 'erpeius
229 2220 309 2281 pater
318 2220 348 2265 et
356 2215 431 2281 capti
441 2228 552 2265 sensere
564 2214 692 2275 Quirites.

106 2284 137 2335 'ic
148 2284 212 2334 dum
222 2283 353 2335 sollicitat
363 2283 452 2345 donis,
463 2288 492 2335 et
500 2284 593 2334 inania
603 2285 687 2335 corda

111 2369 120 2403 a
132 2351 234 2404 tirrxam
244 2368 351 2404 morum
362 2358 473 2419 gentem
483 2352 569 2414 fovet,
581 2368 710 2420 armaque
719 2354 823 2419 iungdt3
846 2350 880 2402 5⁰

116 2438 141 2472 m
153 2422 262 2485 consul,
272 2422 377 2472 volucri
386 2427 531 2489 pervectus
542 2422 625 2473 litora
635 2422 730 2482 classe,

120 2493 176 2558 ipio
187 2488 333 2542 Phocaicis
343 2505 404 2542 sese
415 2489 554 2543 referebat
565 2491 599 2542 ab
611 2492 680 2541 oris:

126 2566 265 2628 :entosquo
276 2560 369 2623 duces,
381 2560 473 2626 pelagi
482 2566 628 2628 terraeque
639 2560 760 2610 laborem

131 2644 228 2681 'orsum
240 2643 374 2692 emensos,
384 2629 516 2694 propiora
526 2630 651 2697 pericula
657 2627 731 2678 valio

135 2697 247 2766 gebrant,
258 2713 430 2770 magnaeque
443 2697 565 2754 aderant
572 2697 738 2771 primordia
747 2692 851 2742 oaaxs.
869 2682 915 2728 ’ὦ
