1920 2962
129 144 382 198 Publicolarum
410 145 489 197 LlB.
512 145 547 197 X.
664 150 716 201 21¹1

45 266 102 329 tibi,
113 266 285 332 bellipotens,
296 280 413 326 sacrum,
428 272 602 319 constructus
613 283 713 320 acervo

45 337 82 387 nti
91 351 169 386 mons
181 348 319 385 armorum
328 334 458 401 surgebat
470 335 504 386 ad
516 343 598 387 astra.

56 420 138 456 manu
150 404 249 455 celsam
261 405 352 469 pinum
364 402 527 472 flammaque
539 413 692 458 comantem
722 406 773 457 550

48 475 116 535 lens,
129 473 227 524 ductor
239 471 386 524 Gradivum
397 474 425 522 in
437 480 504 524 vota
514 473 619 536 ciebat,

48 545 111 594 itias
122 557 229 610 pugnae
241 548 269 593 et
278 542 344 592 lacti
355 542 483 593 libamina
495 542 558 593 belli

45 612 234 664 ribalAusonio
247 619 351 664 cremat
362 609 430 662 baec
441 611 696 676 denominevictor,

45 684 81 744 bi,
97 683 174 734 Mars
183 683 305 750 genitor,
315 687 442 731 votorum
458 679 531 732 haud
546 682 626 734 surde
637 696 712 733 meo·

447 766 517 813 rum,

45 837 54 871 t
64 821 152 873 electa
163 822 237 872 dicat
247 821 398 885 spirantum
410 819 490 870 turba
501 820 631 870 virorum.
719 819 771 870 555

45 927 50 951 ,
63 889 124 941 iaco
136 891 271 952 coniecta,
282 888 429 956 populatur
440 887 560 940 fervidus
571 889 641 956 ignis

46 966 143 1011 tantem
159 959 267 1021 molem,
281 965 317 1020 et,
329 964 409 1024 rupta
420 958 545 1026 caligine,
555 960 584 1008 in
594 973 675 1008 auras

46 1047 51 1080 ι
65 1043 135 1095 apex
147 1029 221 1079 claro
232 1027 371 1094 perfundit
382 1027 482 1078 lumine
493 1042 613 1094 campos.

53 1100 123 1148 citus
135 1098 169 1148 ad
180 1097 313 1148 tumulum
324 1096 479 1162 donataque
490 1096 587 1147 lunera
598 1096 694 1147 Paullo

51 1173 79 1218 et
92 1166 199 1216 hostilis
210 1166 258 1216 leti
268 1165 391 1215 iactabat
402 1163 543 1216 bonorem.
719 1166 771 1216 500

47 1251 120 1286 ntem
132 1235 250 1286 eduxere
261 1248 368 1300 pyram,
378 1232 527 1300 mollesque
537 1236 636 1287 uirenti

46 1308 106 1356 irinc
118 1318 297 1370 composuere
308 1310 393 1354 torus⁴
417 1300 600 1370 superaddita
613 1304 695 1366 donn,

46 1391 123 1426 rcum
133 1375 230 1426 docus:
250 1374 369 1439 expertis
379 1373 481 1424 invisus
493 1379 521 1424 et
532 1376 612 1436 ensis,

46 1460 134 1513 ypeus
150 1452 241 1498 terror
256 1442 423 1498 Nomadum:
448 1450 530 1514 atquc
545 1445 650 1515 insigne
666 1459 708 1498 su-

466 1517 559 1568 erbum

53 1584 137 1636 laceri
148 1584 238 1638 fasces
250 1594 401 1653 captaeque
413 1531 541 1636 initiante
552 1600 671 1637 secures.
719 1583 770 1634 505

46 1656 141 1705 coniux
152 1657 243 1707 native
255 1656 378 1717 aderant,
390 1669 444 1704 non
453 1656 707 1772 iunctapropinquo

46 1725 107 1775 uine
118 1725 200 1776 turbu
209 1726 307 1787 virum,
319 1723 453 1775 autcelsis
463 1723 592 1772 demorte
612 1725 708 1774 eretris

46 1793 143 1844 oedcns
154 1795 247 1860 prisca
258 1794 402 1859 exsequias
412 1790 563 1841 decorabat
573 1792 674 1858 imago.

46 1863 102 1914 ibus
113 1865 216 1914 exuuiis
226 1863 300 1914 nudo
313 1864 422 1926 iamque
431 1857 569 1909 Hannibal
579 1874 648 1911 unus

46 1934 141 1983 iecoris
149 1932 278 1983 laudator
290 1938 364 1993 erat3
376 1928 509 1996 fulgentia
519 1929 612 1996 pingui
718 1930 771 1979 500

46 2016 76 2053 ce
86 2003 225 2067 suspirans
235 2003 311 2052 inicit
320 1999 456 2052 uelamina
466 2004 494 2049 et
505 2013 572 2050 auro

46 2077 107 2121 tam
128 2068 315 2138 chlamydem,
335 2085 368 2120 ac
389 2083 516 2136 supremo
539 2067 640 2120 affatur
661 2066 709 2119 bo·

445 2153 526 2188 nore:

47 2224 87 2259 rus
100 2209 244 2269 Ausoniae,
256 2222 309 2273 quo
320 2206 363 2258 fas
374 2213 417 2260 est
426 2210 467 2259 ire
479 2207 611 2275 superbas

46 2283 80 2328 rto
92 2284 120 2328 et
131 2277 212 2328 iactis
224 2277 336 2328 animas.
363 2278 427 2329 Tibi
437 2277 525 2346 glorie
533 2277 590 2329 leto

47 2356 122 2414 sarta
132 2348 239 2414 insigni.
267 2344 385 2398 Nostros
395 2347 520 2399 Fortuna
530 2347 640 2398 labores
719 2342 771 2393 515

47 2423 71 2467 rt
83 2416 181 2478 adhuc,
193 2429 326 2481 casusque
335 2415 412 2467 iubet
422 2417 529 2467 nescire
540 2413 656 2464 luituros.

47 2509 49 2530 ι
60 2486 163 2552 Libys;
181 2493 262 2552 atque
273 2498 372 2551 repens
383 2482 579 2603 croppltantibus
590 2481 709 2550 undique

467 2566 565 2605 ammas

47 2639 118 2674 ereas
128 2626 220 2676 anima
230 2623 376 2678 exsultans
387 2625 481 2680 evasit
487 2625 524 2679 in
533 2638 633 2678 auras.

56 2690 156 2745 debinc
164 2694 309 2763 gliscente
320 2714 397 2755 sono
406 2701 473 2755 iam
482 2699 587 2756 sibero
596 2691 722 2752 abab&
