1920 2962
150 166 202 219 no
345 164 375 213 0
405 160 508 213 11011
537 147 707 212 luitici

150 287 284 338 Deieoere
295 297 386 345 manu,
397 288 427 333 et
437 282 557 346 capuam
569 281 695 346 eripuere
705 280 834 347 superbis

93 358 140 409 1⁶15
153 355 305 407 Samnitum
314 353 403 403 iussis.
433 350 471 400 Hi
481 355 552 410 sunt,
564 350 609 416 qui
619 348 797 401 1111011οᾱ010

151 427 272 476 Terrore
283 420 410 488 expulso,
423 417 595 485 Sidicinaque
605 416 841 471 bebsromonmt.
865 420 873 439 ⁰

155 496 216 556 Quo
237 488 354 560 fugitisi
378 489 469 540 socios
491 502 594 554 quosve
615 485 740 538 adiitisi
764 488 815 540 1110
840 502 887 557 ego

625 570 739 624 sanguis

155 631 319 692 Dardanius,
332 629 373 679 cui
385 630 564 692 1001000101,
575 625 620 675 001
633 626 747 677 nomino
756 626 836 695 liquit
911 672 914 679 .

154 702 193 752 Ab
204 702 269 752 love
281 699 365 749 dueta
376 698 476 763 capys,
487 708 587 762 magno
597 700 734 760 cognatus
744 696 819 760 iuio;

95 774 144 821 isti
157 771 204 821 ilie
215 784 277 837 ego,
288 765 479 818 semihomines
489 766 561 814 inter
572 762 760 826 Nasamonas,
771 770 801 817 et
809 766 877 815 inter

156 840 273 890 Saevum
293 842 375 903 atque
396 840 557 902 aequantem
579 833 648 883 n'tus
664 832 837 885 Garamanta
853 832 878 884 10

629 916 733 966 rarum,

155 975 320 1027 Marmarico
332 987 432 1038 ponam
442 973 562 1023 tentoria
571 973 673 1023 mixtus
683 971 815 1024 alumno!

156 1045 362 1108 Ductoremquo
372 1041 468 1103 ieram,
480 1041 602 1091 ouinuno
609 1055 660 1107 pro
669 1040 787 1093 foedere
793 1052 883 1109 proque

156 1113 265 1164 lustitia
277 1118 319 1162 est
329 1112 410 1173 ensis,
422 1110 551 1177 solaeque
562 1125 577 1160 0
588 1124 636 1159 san
675 1111 722 1163 ine
731 1108 842 1163 laudaui

98 1185 147 1234 185
161 1183 223 1234 Non
232 1184 286 1244 ita,
302 1196 356 1233 non
369 1182 456 1233 Decio
467 1181 631 1246 permixtum
655 1195 742 1247 asque
752 1180 882 1249 nefasque,

157 1254 235 1302 Haec
244 1258 275 1302 ut
285 1251 353 1301 vello
366 1255 457 1317 queat.
485 1247 566 1299 Nullo
575 1263 627 1299 nos
637 1248 732 1300 invido
740 1254 820 1303 tanto

156 1321 276 1370 Armavit
287 1318 393 1369 Natura
403 1319 486 1380 bono,
498 1333 579 1386 quom
587 1319 672 1368 ianua
680 1319 782 1371 mortis

158 1388 237 1452 Quod
248 1391 334 1454 patet,
347 1392 374 1438 et
382 1387 440 1437 vita
449 1402 503 1437 non
516 1402 606 1455 aequa
615 1389 690 1439 exire
701 1394 835 1455 potestas.

156 1460 233 1509 Haec
247 1472 316 1507 vana
327 1471 437 1507 aversas
449 1456 551 1507 Decius
561 1458 675 1507 iactavit
685 1457 722 1509 ad
736 1473 826 1511 aures.
895 1494 899 1507 .

96 1530 147 1581 190
159 1531 208 1579 Ast
219 1527 326 1577 deiecta
336 1540 432 1577 manus
442 1526 591 1594 iungebant
600 1524 718 1577 foedera
727 1527 832 1579 Poeno.

157 1599 269 1664 lamque
283 1596 397 1646 aderant
408 1597 558 1661 praemissa
563 1596 626 1646 duci
636 1594 769 1648 turbante
779 1593 880 1649 tumultu

157 1666 296 1719 Autololes
308 1680 455 1716 numerosa
468 1662 575 1716 cohors.
599 1665 662 1730 ipse
674 1668 785 1733 agmine
796 1674 880 1733 mugit

158 1738 298 1790 Festinata
309 1737 379 1786 citus
390 1749 439 1801 per
450 1749 561 1800 campos
572 1735 650 1802 signe
661 1736 801 1787 movebat.

157 1809 194 1858 Et
205 1808 315 1867 Decius,
327 1804 405 1856 Nune
414 1802 492 1866 horo,
502 1805 561 1865 viri,
574 1818 645 1853 nune
655 1810 780 1872 tempus:
792 1804 880 1863 nnete,

97 1878 147 1928 195
159 1878 230 1928 Dum
238 1879 330 1942 Capua
341 1875 459 1942 dignum,
470 1874 534 1923 dum
540 1888 583 1923 mo
594 1873 664 1923 duce
670 1872 789 1926 dextera
798 1872 880 1925 111101

157 1947 270 1997 Molitur
280 1945 399 2006 facinus3
410 1942 572 2009 procumbat
582 1942 703 1993 barbara
711 1944 808 2011 pubes.

159 2015 212 2065 Pro
225 2028 254 2063 se
265 2013 377 2078 quisque
390 2012 494 2063 alacres
504 2012 592 2078 rapite
604 2009 658 2062 boo
669 2013 763 2065 decus.
799 2010 880 2065 Hostis

632 2082 709 2132 adire

159 2149 187 2202 Si
198 2155 290 2216 parat,
302 2151 457 2202 obstructas
467 2151 571 2218 replete
583 2151 719 2202 cadavere
730 2156 833 2219 portas,

157 2221 195 2271 Et
205 2218 279 2269 10110
292 2226 407 2287 purgate
418 2220 504 2271 nefas.
535 2221 588 2272 1110
598 2221 716 2288 denique
726 2223 802 2273 solus

99 2292 149 2341 200
161 2290 266 2342 Eiuen't
278 2289 387 2355 sanguis
397 2290 548 2340 maculatus
560 2292 672 2341 crimino
684 2297 801 2342 montes.

159 2362 284 2426 Dumque
296 2373 329 2408 ea
339 2358 520 2424 nequidquam
531 2374 585 2409 non
597 2359 642 2409 ulii
655 2359 731 2410 laeta
741 2358 867 2427 profatur,

154 2431 254 2481 Audita
266 2428 415 2495 asperitate
425 2429 475 2477 viri
488 2434 641 2496 coeptoque
656 2428 755 2492 101001,

155 2500 244 2550 Multa
254 2498 311 2549 fotu
323 2512 420 2565 gorens
431 2498 473 2546 ira
483 2499 652 2563 praecordia,
662 2499 775 2551 Poonus

150 2568 289 2621 Adstabat
299 2569 394 2625 munis,
403 2582 573 2635 proponique
584 2583 724 2619 arcessere
737 2569 823 2620 lectos

80 2641 135 2693 205
146 2642 292 2695 immitem
305 2641 411 2692 emtus
420 2638 541 2689 Decium
547 2635 637 2685 iubet.
657 2636 876 2687 maxumum

135 2717 208 2770 Arm
212 2721 297 2769 atum
301 2729 361 2784 que
371 2710 434 2764 istie
444 2711 560 2777 peetus,
568 2703 698 2765 sentique
707 2700 822 2761 supinus„
