1920 2962
114 174 366 227 PUNICORUM
395 177 475 229 [ΑΒ.
499 178 573 230 xlii.
670 178 720 232 too

54 313 72 347 =r
83 296 189 357 delicti,
199 294 350 363 Phrygium
362 296 472 362 placare
484 298 598 349 colendo

56 381 103 427 en,
115 371 143 416 et
153 365 252 415 lliacos
262 371 342 430 parat
352 380 469 417 exorare
478 365 604 418 Penates.

54 452 81 485 ns
91 435 145 484 iam
157 434 287 500 templum
300 434 373 486 celsa
383 435 515 501 surgebat
524 437 552 485 in
563 450 636 498 arce,

54 503 209 555 nedonteae
220 503 300 554 sedes
310 505 419 572 ingrata
427 505 581 555 Minervae:
746 507 783 558 55

62 573 167 624 medios
177 574 249 622 inter
260 587 371 624 somnos
382 573 519 641 altamque
531 575 659 640 quietem,

54 643 144 693 celata
153 642 250 704 Deam,
264 650 291 692 et
302 643 429 693 minitans
441 643 567 692 Tritonia
576 643 667 712 virgo:

56 711 133 774 haec,
146 711 268 776 Tydide,
281 718 375 762 tantae
387 726 437 778 pro
448 711 536 761 laudis
547 709 651 763 honore

58 796 175 846 operas,
188 796 241 831 non
256 780 414 847 Garganus,
426 795 477 831 nec
487 781 596 831 Daunia
609 781 687 832 tullus

54 857 126 900 entur
137 849 223 900 nobis.
254 851 362 910 Quaere
372 851 400 899 in
411 849 595 900 Laurentibus
607 852 687 913 arvis,
748 850 784 901 60

54 936 120 970 nune
131 921 218 986 prima
229 920 323 970 locant
334 920 454 970 melioris
464 920 573 970 moenia
584 918 695 970 Troiae.

57 990 141 1039 vittas
153 995 312 1056 castumque
323 987 396 1039 refer
407 988 547 1055 penetrale
559 996 711 1054 parentum.
760 996 763 1003 '

64 1058 187 1124 trepidus
198 1060 308 1109 monitis
319 1057 447 1108 Saturnia
457 1073 544 1125 regna
555 1061 681 1124 capessit.
770 1113 776 1123 ,

54 1125 149 1190 Phryx
160 1127 297 1176 condebat
306 1125 423 1176 Lavinia
433 1127 569 1194 Pergama
579 1130 677 1189 victor,

54 1210 119 1261 ique
131 1195 264 1244 Laurenti
275 1195 377 1261 figebat
388 1197 474 1246 Troia
483 1196 554 1246 luco.
748 1196 784 1246 65
859 1233 862 1238 .

54 1280 87 1314 mr
106 1264 152 1313 ubi
164 1261 301 1328 Tyrrheni
318 1271 477 1329 pervent-um
495 1265 529 1314 ad
545 1265 661 1316 fluminis
672 1282 720 1334 un7

457 1334 515 1397 das,

54 1411 149 1469 traque
157 1401 279 1468 Tydides
290 1405 381 1469 posuit
391 1404 523 1472 fulgentia
533 1403 615 1471 ripa]
702 1432 704 1436 ·

54 1473 138 1522 aridae
150 1474 314 1523 intremuere
326 1480 409 1523 metu.
429 1475 509 1536 Tum,
521 1477 637 1541 pignora
647 1475 722 1538 pacis

57 1541 172 1592 tendens
184 1542 281 1591 dextra
292 1557 383 1591 rarum
395 1545 518 1593 canentis
529 1544 625 1603 olivae,
656 1559 659 1563 ·

54 1627 121 1661 rsus
132 1611 222 1661 Dauni
235 1625 318 1678 gener
329 1612 401 1661 inter
412 1627 550 1661 murmura
561 1614 712 1661 Teucrdm:
748 1613 783 1661 'iii

54 1697 68 1744 a,
80 1678 251 1742 Anchisiade,
263 1695 398 1730 memores
408 1682 517 1746 irasque
529 1686 687 1745 metusque:
698 1732 700 1737 ,

54 1749 123 1818 ,quid
135 1749 169 1799 ad
180 1749 278 1800 Idaeos
288 1746 427 1798 Xanthum
440 1747 633 1815 Simoentaque
645 1748 723 1798 nobis

54 1819 123 1884 ,uiue
134 1818 260 1869 sudatum
271 1817 429 1884 Scaeaeque
442 1817 476 1868 ad
486 1817 578 1868 limina
590 1821 696 1883 portae,
771 1814 774 1821 '

54 1889 66 1939 i
78 1894 201 1938 nostrum
215 1894 272 1939 est:
289 1904 370 1956 egere
381 1888 435 1939 Dei
445 1888 584 1954 duraeque
596 1900 714 1936 sorores.

54 1975 78 2022 ι,
94 1973 159 2025 age,
176 1957 246 2023 quod
264 1964 403 2025 superest,
422 1974 471 2009 our
487 1973 542 2008 non
557 1955 723 2018 melioribus,

460 2030 530 2090 aeri,
749 2026 787 2075 '15'

57 2113 117 2146 mus
130 2096 274 2163 auspiciisi
285 2099 405 2149 Dextras
416 2101 559 2166 iungamus
570 2099 696 2148 inermes.

54 2166 131 2228 ieris,
149 2180 197 2227 en,
214 2165 282 2217 haec
297 2169 375 2219 testis
392 2170 452 2218 erit.
481 2168 651 2234 Veniamque
662 2182 722 2234 pre·
772 2189 774 2193 >

459 2244 536 2289 catus

56 2319 136 2355 anam
150 2310 272 2356 ostentat
281 2307 394 2372 trepidis
407 2308 441 2359 de
452 2322 543 2374 puppe
554 2308 713 2358 Minervam.

54 2389 63 2424 3
77 2389 159 2424 ausos
171 2375 262 2425 Celtas
273 2376 424 2441 irrumpere
437 2377 546 2426 moenia
555 2376 659 2425 Romae

54 2445 124 2509 ipuit
134 2443 303 2511 leto;neque
314 2448 357 2494 tot
367 2445 400 2495 de
411 2445 528 2494 millibus
538 2459 620 2493 unum
749 2445 787 2495 80

54 2515 105 2564 ntis
117 2513 211 2578 popuii
222 2515 324 2579 patrias
336 2513 436 2565 dimisit
447 2513 480 2562 ad
492 2526 562 2562 aras.

54 2581 154 2632 fractus
165 2582 264 2634 ductor
274 2582 394 2636 convelli
403 2584 486 2654 signa
493 2581 630 2650 manipiis
714 2596 718 2602 ’

54 2655 81 2699 to
91 2651 174 2701 iactis
185 2652 262 2706 abitu
275 2655 365 2709 iubet.
397 2657 461 2710 itur
471 2656 504 2707 in
516 2669 623 2723 agtoas

62 2718 110 2767 ubi
121 2728 188 2771 ante
200 2737 305 2782 omnes
319 2730 428 2784 colitur
438 2725 677 2784 Feroniaiucm
