1920 2962
218 164 269 214 124
419 163 448 213 G.
478 158 581 213 SlLll
609 158 774 211 lrnblcl

156 281 207 334 285
219 281 258 333 Et
268 296 384 333 resonae
396 274 469 332 silvis
479 280 617 332 ulularunt
627 278 716 329 flebile
726 278 814 346 ripae.

216 351 282 402 Heu
294 352 401 418 quantis
411 350 509 400 luimus
520 364 585 400 mox
595 350 685 399 tristia
694 348 805 414 proelia
816 348 945 403 damnant

219 413 381 487 Quantaque
392 419 525 485 supplicia
536 423 565 469 et
575 417 668 484 quales
681 415 863 470 exhausimus
873 422 934 471 iras

216 487 276 539 Nee
286 493 398 539 mouere
410 490 447 554 pii
457 492 548 548 vates,
560 485 744 553 famulumque
756 500 894 539 sororum

217 557 366 620 Naiadum,
378 556 472 622 tepida
482 571 549 624 quas
560 554 690 623 Bagrada
698 556 785 606 nutrit
793 558 826 607 iu
836 558 925 623 unda,

157 626 208 677 200
218 625 277 678 Nos
287 626 404 677 violasse
415 641 497 676 manu
507 624 575 676 seris
586 637 716 674 monuere
726 626 850 691 periclis.

218 697 298 747 Haec
308 701 374 745 tune
385 693 474 757 hasta,
485 692 655 745 deeusnobis
662 694 840 761 pretiumque
851 710 920 747 secu

217 764 361 827 Vulneris,
371 779 389 814 a
399 769 505 827 vestro,
517 762 647 823 Serrana,
658 762 763 812 tributa
772 770 905 829 parente,
957 763 958 808 l

218 833 317 885 Princo
337 850 350 884 s
362 848 432 901 quae
444 847 524 884 sacro
538 833 630 882 bibite
641 836 769 897 serpente
780 846 923 885 cruorem.
957 853 958 927 p

217 850 379 953 Iamdudum
390 903 480 952 vultus
490 902 609 951 lacrimis
622 905 703 967 atque
717 914 768 950 ora
776 902 894 969 rigabat

157 971 208 1024 295
220 968 369 1032 Serranus,
379 969 524 1037 medioque
535 970 586 1019 viri
596 984 722 1020 sermone
734 969 880 1036 prolatura

219 1039 292 1090 Huic
302 1040 325 1089 si
337 1040 393 1088 vita
403 1038 466 1088 duci
476 1046 600 1089 nostrum
610 1039 736 1089 durasset
745 1039 774 1089 iu
784 1053 897 1103 aarum,

219 1108 281 1160 Non
293 1108 396 1158 Trebia
406 1106 540 1159 infaustas
552 1113 709 1175 superasset
719 1110 857 1175 sanguine
867 1110 945 1175 ἡμας

218 1178 291 1241 Nec,
313 1176 520 1244 'rmnsynene‚
541 1184 603 1228 tuus
625 1182 763 1242 premeret
787 1182 835 1230 tot
854 1178 950 1230 nonis

694 1260 806 1313 gurges.

220 1317 300 1365 Tune
311 1316 412 1377 senior,
423 1316 549 1383 Magnas,
559 1316 655 1382 inquit,
666 1315 701 1366 de
713 1317 850 1383 sanguine
860 1326 947 1385 posu!

158 1384 208 1435 300
219 1384 349 1450 Percepit
359 1384 461 1449 Tyrio,
474 1390 502 1434 et
514 1390 672 1450 praesumta
682 1385 793 1452 piacula
802 1388 908 1439 morta

218 1451 303 1515 Nam,
316 1451 426 1503 deiecta
436 1454 501 1504 viris
513 1460 541 1504 et
552 1468 618 1520 opes
631 1456 739 1515 attrita,
751 1456 866 1522 supinas

217 1520 310 1572 Africa
321 1521 451 1572 tendebat
463 1522 579 1589 palmas,
592 1538 652 1573 curn
664 1524 753 1574 sidere
766 1523 829 1575 diro

216 1591 292 1641 Misit
302 1592 451 1659 Agenoreis
464 1591 606 1642 ductorem
616 1594 740 1643 animosa
750 1590 905 1663 Therapne.

217 1660 298 1711 Nulla
308 1662 366 1711 viro
376 1662 497 1728 species,
509 1662 671 1727 decorisque
683 1666 712 1712 et
723 1660 824 1715 frontis
836 1680 851 1715 e
902 1672 937 1713 u!

156 1730 207 1781 305
219 1731 337 1797 Carpum
347 1732 375 1780 in
387 1732 492 1799 exiguis
500 1733 578 1799 vigor
590 1730 773 1795 (admirabile)
785 1747 859 1784 mem
878 1732 912 1783 ra

217 1800 345 1863 vividus,
356 1807 384 1852 et
396 1802 455 1851 nisu
467 1816 581 1868 magnos
592 1802 637 1867 qui
648 1802 771 1851 vinceret
783 1808 868 1853 artus.

217 1871 275 1920 lam
285 1869 403 1920 Martem
415 1886 520 1937 regere,
533 1876 615 1937 atque
627 1875 702 1920 astus
714 1869 866 1939 adiungere
875 1868 923 1920 ten

216 1940 254 1988 Et
265 1938 347 1987 durrus
358 1938 466 1989 facilem
478 1954 526 2004 per
536 1938 674 2005 inhospita
684 1939 786 1990 ducere
798 1942 891 1991 vitam.

217 2005 300 2055 Haud
308 2006 355 2055 isti
362 2042 369 2067 ,
382 2022 461 2073 quern
472 2024 543 2057 nunc
556 2023 637 2073 penes
651 2014 693 2058 est
704 2009 831 2060 sollertia
840 2008 909 2069 aelli,

156 2073 207 2125 310
221 2074 338 2124 (lederet
348 2074 503 2126 Hannibali.
533 2078 639 2129 Vellem
649 2075 736 2140 hune,
750 2093 766 2128 o
778 2080 908 2130 tristiam

217 2144 359 2209 Taygeta,
371 2140 443 2195 hunc
454 2161 537 2195 unum
547 2160 602 2196 non
612 2146 763 2198 durassetis
775 2149 871 2215 opacis

216 2212 339 2262 Eurotae
350 2212 424 2278 ripis.
444 2214 579 2266 Vidissem
592 2217 701 2267 moenia
712 2215 831 2269 flammis

216 2278 384 2331 Phoenissae
397 2298 491 2344 ruere,
504 2290 551 2334 aut
561 2290 635 2335 corte
646 2301 700 2335 non
713 2284 828 2337 horrida
838 2286 893 2339 fate

216 2349 364 2400 hierissom
376 2349 466 2411 ducis,
478 2358 506 2402 et
515 2354 588 2403 nulla
599 2369 667 2421 quos
676 2360 766 2405 morte
777 2371 829 2407 nec
838 2357 890 2425 igni

155 2416 205 2469 315
217 2420 323 2470 Exutos
333 2433 444 2470 servans
456 2422 571 2487 portabo
582 2424 610 2472 in
623 2425 742 2474 'samara
752 2424 852 2476 luctus.

216 2490 365 2539 Consertae
377 2491 480 2556 campis
491 2493 578 2552 acies,
591 2493 745 2560 multasque
756 2508 879 2558 peram

209 2556 353 2610 Fervebat
362 2558 491 2627 Mavors3
499 2576 552 2611 nec
561 2576 638 2613 mens
649 2568 709 2613 erat
719 2562 776 2612 ulla
785 2564 875 2615 sineir

203 2628 263 2681 Hic
275 2630 352 2683 inter
363 2632 476 2685 modios
485 2630 870 2694 memorandlabegulusanalr

197 2698 345 2758 tranabat
356 2702 439 2759 ferro
454 2716 589 2771 canipurn
597 2737 605 2763 ‚
613 2696 867 2762 asperiusquarnr'
