1920 2962
145 159 195 210 320
329 154 357 203 C.
389 149 494 202 SlLll
523 146 688 199 ITALlCl

143 277 263 329 Victima
273 272 400 339 Neptuno
411 274 522 339 pariter,
534 269 695 336 pariterque
704 266 839 319 Tonanti.

144 347 215 396 Tum
226 344 325 394 merita
336 346 488 409 aequantur
499 339 586 400 donis,
599 352 632 388 ac
642 337 770 404 praemia
781 339 867 388 rlrtus

83 415 134 466 255
146 413 283 481 Sanguine
300 417 380 479 parta
400 411 481 476 capit.
510 407 634 459 Phaleris
652 405 698 457 bic
711 412 830 472 pectora
839 405 884 458 tu-

621 482 683 544 zeb

143 553 197 603 llic
208 558 306 617 torque
319 554 415 600 aurato
428 547 579 600 circumdat
589 545 690 597 bellica
699 544 788 610 colla3

144 622 192 672 llle
204 621 273 670 nitet
284 618 373 669 celsus
385 618 494 669 muralis
506 614 611 667 honore
624 629 755 666 coronae.

144 689 256 741 Laelius
268 694 330 738 ante
342 702 445 750 omnes,
459 689 503 738 cui
513 685 629 736 dextera
639 685 716 735 clera
726 683 881 753 domusque,

145 761 202 810 Ter
213 758 363 809 donabere
375 762 403 808 et
413 756 543 824 aequorei
554 755 712 805 certaminis
725 753 783 805 alto

84 826 135 878 260
144 828 272 879 Donatur
282 827 370 889 titula,
382 826 522 893 Poenique
533 823 691 875 recentibus
702 824 788 874 arrnis

145 898 279 949 Rectoris.
308 897 387 945 Tunc
399 893 480 946 hasta
489 896 563 956 viris,
574 900 641 945 tunc
650 893 757 944 Martia
768 894 860 959 cuique

143 966 261 1027 vexilla,
272 969 303 1014 ut
314 965 455 1026 meritum,
467 969 495 1014 et
506 963 625 1030 praedae
636 962 769 1013 libamine
780 962 878 1013 dantur.

145 1035 295 1102 Postquam
311 1032 452 1100 perfectae
466 1033 561 1084 laudes
580 1031 777 1099 hominumque
787 1031 878 1083 Derim·

129 1112 132 1117 '
623 1115 684 1168 que,

147 1174 276 1240 Captirae
286 1177 446 1240 spectantur
457 1185 532 1238 opes,
544 1171 706 1238 digestaque
717 1172 828 1237 praeda

85 1241 134 1292 265
146 1242 209 1293 Hoc
227 1258 322 1292 aurum
339 1241 481 1303 Patribus,
503 1240 575 1291 bello
596 1238 665 1359 bpec
683 1240 823 1308 Martique
842 1244 876 1289 ta·

631 1315 704 1372 enta,

144 1379 207 1430 Hoc
217 1392 313 1444 regum
328 1377 422 1438 donis,
445 1378 544 1428 Dirum
561 1376 614 1428 hoc
631 1384 694 1499 alpste
712 1381 805 1430 omnia
818 1383 867 1430 ten

621 1463 639 1514 p
679 1464 686 1477 .

145 1518 244 1568 Cetera
252 1514 402 1565 bellantum
414 1513 528 1567 dextrae
538 1515 708 1584 pulchroque
719 1516 816 1569 labori.

145 1586 216 1647 Quin
228 1584 312 1636 etiam
323 1585 428 1634 accitus
439 1586 532 1651 populi
544 1591 675 1654 regnator
686 1586 795 1650 Hiberi,

145 1656 193 1706 Cui
204 1670 306 1721 sponsa
316 1659 345 1705 et
355 1669 473 1721 sponsae
484 1655 590 1706 defixus
599 1656 628 1706 in
640 1656 749 1708 ossibus
761 1657 853 1719 ardon

83 1727 134 1774 270
145 1725 226 1776 Hunc
237 1730 332 1778 uotam
343 1723 450 1775 formae
461 1726 598 1776 concessit
608 1725 698 1777 laetus
712 1740 848 1796 oransque

142 1795 296 1846 indelibata
304 1794 436 1863 gaudenti
448 1795 550 1863 virgine
561 1795 670 1846 donum.

143 1866 214 1915 Turn
223 1868 304 1916 vacui
315 1865 386 1916 curis
398 1865 488 1915 ricino
500 1865 581 1916 litore
592 1880 700 1916 mensas

142 1933 300 1994 lnstituunt‚
312 1932 439 2001 festoque
452 1936 558 2001 agitant
569 1935 695 1984 convivia
704 1935 780 1986 ludo.

141 2000 253 2050 Laelius
264 2000 377 2051 affatur:
390 2003 492 2065 Macte,
505 2019 520 2054 o
533 2003 696 2066 venerande,
708 2005 810 2071 pudici,

82 2071 131 2119 2¹15
143 2070 258 2130 Ductor,
269 2076 360 2121 macte
371 2073 462 2122 animi.
491 2073 577 2124 cedat
589 2072 636 2123 tibi
648 2073 739 2141 gloria
748 2075 858 2142 lausque

142 2139 304 2204 Magnorum
316 2137 439 2203 heroum,
452 2143 645 2210 celebrataque
656 2145 779 2196 carmine
790 2145 876 2195 virus

141 2207 215 2257 llllille
226 2208 395 2272 Mycenaeus
408 2212 452 2277 qui
464 2214 550 2263 traxit
559 2214 586 2263 in
599 2227 723 2280 aequora
733 2229 831 2280 proras

141 2276 252 2338 Rector‚
264 2282 293 2326 et
303 2274 420 2329 lnacbiis
432 2283 478 2346 qui
489 2280 624 2334 Thessala
632 2284 744 2334 nusouit
753 2298 838 2345 em

141 2347 270 2398 Femineo
282 2348 387 2398 socium
397 2349 535 2401 violarunt
545 2351 759 2404 foedusamore.

81 2415 131 2463 280
142 2415 275 2485 Nullaque
286 2423 344 2468 tum
355 2415 478 2488 Phrygio
489 2426 623 2473 steterant
637 2423 761 2474 tentoria
776 2434 877 2490 campo,

142 2485 262 2550 Captivis
273 2503 328 2538 non
339 2488 421 2555 plena
430 2490 511 2542 toris:
521 2490 570 2542 tibi
584 2491 705 2543 barbara
714 2492 768 2543 soli

134 2551 268 2608 Sanctius
281 2558 370 2611 lliaca
378 2566 491 2612 seruata
499 2559 698 2611 carnotinae
706 2562 795 2628 uirgo.

125 2625 222 2692 Haec,
237 2633 328 2698 atque
340 2628 489 2700 hispania,
498 2630 608 2680 alterno
618 2639 746 2676 sermone
751 2629 889 2685 sorbeam„

118 2697 230 2756 Donec
245 2716 318 2767 nox,
334 2706 402 2753 atro
415 2697 600 2752 circumeam
609 2706 714 2755 cmm
721 2692 840 2745 mm*
