1920 2962
210 185 458 240 PUNlCORUM
485 190 571 242 LlB.¹
594 192 642 244 lV.
761 193 794 246 83

54 310 207 361 Praeterea
218 309 331 373 (cernis)
343 313 455 359 tenerae
466 311 509 375 qui
521 310 626 374 proelia
636 311 748 364 dextrae

53 380 115 431 lam
127 376 215 428 credit
223 392 306 444 puer,
318 384 399 445 atque
412 393 497 428 annos
511 380 703 432 transcendere
713 381 793 434 lactis

53 446 184 508 Molitur,
195 446 358 514 longumque
368 452 447 513 putat
457 446 607 513 pubescere
617 447 702 500 bello:

55 517 99 567 Te
111 516 181 566 duce
194 516 327 581 primitias
339 530 460 582 pugnae,
472 521 500 566 te
513 531 612 582 magna
622 520 754 586 magistro
802 521 854 572 430

18 644 32 660 .
53 585 173 647 Audeat,
186 591 215 635 et
221 585 338 651 primum
347 582 400 634 hoc
412 586 512 647 uacat,
519 600 643 636 servasse
655 595 804 652 parentem,

53 655 136 705 llaec
147 667 239 703 rerum
250 658 334 704 sator.
363 654 398 704 At
408 654 519 704 Mavors
529 654 557 703 in
568 654 674 720 proelia
685 670 780 709 currus

54 723 178 788 Odrysia
187 722 284 773 tellure
296 720 392 772 r'ocat:
408 728 465 772 tum
477 722 596 773 bdurinis
607 725 660 774 atri

54 791 239 863 spargentem
256 789 381 841 flammas
398 791 528 857 clipeum,
546 791 705 859 galeamque
722 795 795 846 Deo-

530 872 590 909 ram

54 927 140 980 Haud
153 928 201 979 ulli
211 927 333 989 facilem,
344 927 484 992 multoque
494 927 589 978 labore
601 929 751 996 Cyclopum
803 933 854 983 435

54 997 192 1050 Sudatum
203 995 320 1048 thoraca
330 997 419 1062 capit,
431 1002 595 1063 quassatque
605 1012 655 1063 per
665 1014 745 1051 auras

53 1069 187 1118 Titanum
197 1065 268 1117 bello
280 1067 407 1117 satiatam
419 1066 555 1132 sauguinis
567 1064 684 1130 hastam,

50 1139 144 1203 Atque
154 1135 249 1200 implet
261 1150 343 1185 cursu
354 1148 474 1199 campos.
493 1135 639 1186 Exercitus
649 1152 704 1187 una

52 1207 175 1267 lrarum,
187 1204 405 1270 Eumenidesque
416 1203 508 1264 simul,
520 1202 621 1270 letique
633 1209 738 1257 cruenti

51 1277 218 1327 innumerae
231 1272 330 1335 iacies,
342 1272 479 1339 frenisque
493 1277 609 1337 operata
619 1276 745 1341 regendis
802 1280 853 1328 440

53 1343 241 1410 Quadriiugos
253 1348 312 1393 atro
324 1341 446 1393 stimulat
456 1340 571 1392 Bellona
580 1341 696 1410 flagello.

50 1416 156 1467 Fertur
165 1411 199 1462 ab
210 1413 342 1463 immenso
354 1415 503 1477 tempestas
514 1408 627 1461 horrida
639 1414 726 1477 coelo,

51 1483 256 1551 Nigrantesque
268 1482 364 1550 globos
375 1486 403 1532 et
413 1479 524 1531 turbida
533 1481 626 1531 nubila
636 1489 766 1551 torquens

51 1551 172 1605 lnrolrit
181 1556 282 1602 terras:
294 1552 416 1619 quatitur
425 1548 553 1602 Samnnia
563 1551 641 1602 sedes

49 1624 183 1690 ingressu
194 1621 357 1673 tremefacta
366 1622 433 1682 Dei,
444 1620 571 1687 ripasque
583 1621 720 1688 relinquit,
801 1625 852 1673 445

49 1691 154 1743 Audito
165 1705 260 1754 curru,
274 1691 396 1759 fontique
409 1688 541 1739 relabitur
553 1691 646 1739 amnis.

52 1762 209 1812 Ductorem
219 1762 367 1812 Ausonium
379 1759 441 1809 telis
456 1757 653 1808 Garamantica
664 1758 749 1821 pubes

53 1832 201 1893 cinxerat,
213 1836 242 1881 et
253 1831 342 1894 'l'yrio
354 1828 413 1894 regi
424 1841 496 1875 nova
506 1825 578 1873 dona
590 1824 713 1890 parabat,

52 1902 198 1953 Armorum
209 1899 339 1965 spolium,
352 1901 380 1947 et
390 1894 513 1946 rorantia
524 1893 647 1944 Consulis
659 1908 715 1944 ora.

53 1968 155 2022 Stabat
164 1970 304 2021 Fortunae
315 1981 370 2017 non
382 1966 480 2017 cedere
492 1969 599 2025 certus,
611 1969 639 2013 et
649 1965 705 2013 acri
802 1967 853 2017 450

53 2040 130 2092 Mola
141 2037 332 2104 retorquebat,
344 2035 507 2086 crudescens
519 2032 660 2095 caedibus,
673 2032 774 2085 hastas.

52 2111 112 2162 lam
131 2123 166 2159 ue
177 2123 240 2169 suo,
250 2107 359 2174 iamque
370 2103 462 2156 hostili
472 2101 583 2169 perfusa
594 2118 691 2153 cruore

52 2180 127 2230 Mem
148 2192 180 2227 ra
195 2176 320 2227 madent:
341 2174 469 2226 cecidere
485 2170 581 2291 iubaeb;
604 2186 727 2240 gyroque
744 2188 793 2238 per

529 2257 561 2291 or
580 2257 622 2292 em

52 2318 165 2376 Amata,
180 2313 315 2365 Garamas
326 2313 423 2365 iaculis
434 2310 607 2379 propioribus
616 2312 714 2371 instat,

52 2385 91 2436 Et
100 2384 184 2435 librat
193 2398 277 2434 saera
288 2385 442 2434 coniectum
457 2380 569 2446 cuspide
580 2380 691 2430 ferrum.
802 2380 852 2427 455

53 2454 108 2504 Hic
118 2467 186 2520 puer
196 2457 228 2502 ut
237 2454 327 2519 patrio
340 2453 459 2503 defixum
471 2465 587 2516 corpore
600 2448 684 2499 telum

55 2523 219 2587 Conspexit,
230 2522 359 2573 maduere
370 2535 471 2588 genae,
483 2520 628 2586 subitoque
640 2524 800 2567 trementem

55 2590 194 2658 Corripuit
204 2590 306 2656 pallor,
317 2592 502 2659 gemitumque
514 2588 549 2638 ad
561 2588 652 2638 sidera
662 2588 735 2652 rupit

53 2658 102 2711 Bis
113 2665 228 2711 conatus
241 2665 301 2711 erat
309 2672 489 2727 praecurrere
498 2656 562 2710 fata
569 2657 713 2727 parentia,

55 2730 191 2781 Conversa
199 2728 228 2778 in
237 2735 328 2781 semet
337 2729 508 2784 dextra2bis
517 2728 748 2784 trausmditiras
838 2713 896 2761 Q

617 2802 676 2854 Fa
