1920 2962
227 187 477 241 PUNICORUM
505 187 587 239 ΜΒ.
611 188 671 241 vll.
780 187 832 239 155

85 308 147 360 Dat
156 306 213 358 leto
219 344 227 370 ‚
238 309 370 374 fisumque
380 322 475 358 manus
487 307 612 358 conferre
623 305 777 369 Mahalcen,

86 378 139 429 Cui
149 376 234 428 decus
245 378 363 444 insigne,
375 383 403 426 et
413 378 567 443 quaesitum
578 375 689 444 cuspide
699 391 807 427 nomen.
840 376 887 427 ddi

86 447 163 496 Tum
176 445 326 507 Garadum,
337 444 497 513 largumque
510 460 607 562 conque
618 447 769 512 prosternit
779 445 830 497 Ad-

584 514 686 576 erbem,

84 583 125 633 Et
135 583 259 650 geminas
272 582 345 632 acies
356 587 532 648 superantem
543 585 647 634 vertice
658 582 769 648 Thylin,

86 651 269 712 Quisummas
279 650 335 701 alto
345 650 495 719 prensabat
503 652 532 702 in
544 666 643 720 aggere
655 653 759 719 pinnas.

86 719 203 771 Eminus
224 717 289 771 hos:
308 720 402 788 gladio
421 717 589 787 Sapharum,
611 721 756 788 gladioque
771 721 830 771 Mo·

566 804 690 852 naesum,

85 859 127 911 Et
136 859 275 910 Morinum
286 873 392 926 pugnas
404 857 476 908 aeris
486 857 603 908 stridore
615 860 741 920 cientem,
841 857 890 908 6⁰5

85 927 254 979 Dexteriore
264 941 335 996 gena
345 926 418 977 sedit
429 927 473 976 cni
483 925 574 977 letifer
584 928 665 988 ictus,

85 996 196 1064 Perque
207 996 302 1047 tubam
312 996 384 1047 fixae
396 995 544 1047 decurrens
555 996 667 1046 vulnere
677 995 775 1057 malae,

86 1066 222 1118 Extremo
232 1065 313 1116 iluxit
322 1064 467 1132 propulsus
477 1080 615 1116 murmure
626 1067 744 1132 sanguis.

85 1134 234 1187 Proximus
247 1135 310 1186 huic
320 1135 410 1185 iaculo
417 1134 599 1186 Nasamonius
610 1133 713 1184 occidit
724 1134 829 1186 ldmon.

86 1202 213 1272 Namque
236 1219 319 1272 super
338 1204 433 1270 tepido
452 1205 605 1272 lapsantem
622 1204 769 1270 sangnine,
791 1208 820 1252 et
840 1270 856 1321 6

563 1287 648 1323 aevra
806 1316 809 1321 ,
860 1272 890 1321 to

84 1341 209 1394 Lubrica
216 1344 349 1395 nitentem
359 1344 541 1411 nequidquam
554 1313 671 1393 eradere
681 1342 784 1409 planta,

84 1412 212 1478 lmpaeto
224 1414 375 1479 prosternit
386 1428 470 1480 equo,
484 1412 645 1480 trepideque
655 1411 791 1463 levantem

85 1481 215 1533 Membra
224 1479 328 1534 afflicta
338 1482 398 1534 solo
409 1497 504 1549 pressa
514 1481 659 1532 violentius
669 1479 751 1532 hasta

84 1550 225 1617 implicuit
233 1557 339 1614 terrac,
352 1552 490 1619 telumque
500 1552 526 1601 in
540 1550 625 1602 caede
637 1551 755 1618 reliquit.

83 1619 194 1671 Haeret
205 1616 280 1671 humi
291 1636 390 1671 cornus
401 1627 477 1671 motu
488 1621 654 1672 tremefacta
663 1621 787 1681 incentis,
839 1619 890 1670 tle

83 1688 124 1740 Et
133 1689 240 1755 eampis
251 1695 344 1741 serrat
352 1690 512 1741 mandatum
523 1691 608 1739 aflixu
619 1689 745 1739 cadaver.

83 1755 212 1810 Necnon
224 1758 349 1826 exemplo
360 1758 448 1809 laudis
459 1757 564 1808 lirriote
573 1759 709 1817 iuventus,

83 1824 248 1894 Sullaeque,
261 1829 406 1894 Crassique
418 1826 512 1887 simul,
523 1827 687 1890 iunctusque
699 1825 812 1875 Metello

82 1897 218 1959 Furnius,
229 1911 262 1947 ac
279 1897 377 1949 melior
388 1896 503 1946 dextrae
515 1897 688 1962 Torquatus,
698 1892 803 1943 inibant

87 1965 213 2027 Proelia,
224 1971 252 2016 et
262 1966 384 2017 unanimi
393 1964 438 2016 rel
447 1970 537 2016 morte
548 1964 647 2015 emisse
657 1962 787 2013 volebant
840 1963 890 2013 tiu

92 2034 214 2102 ipectari
223 2034 318 2086 Fabio.
337 2035 423 2086 Miser
434 2033 497 2085 hinc
507 2034 624 2102 vestigia
633 2038 708 2084 retro

98 2106 159 2156 ium
169 2105 257 2170 repit,
269 2109 298 2156 et
307 2104 408 2157 molem
419 2103 555 2156 subducto
568 2118 686 2170 corpore
697 2104 767 2153 vitat

104 2174 185 2224 rtortl
195 2172 309 2224 Bibulus
321 2175 381 2224 saxi
387 2211 395 2237 ,
408 2179 490 2241 atque
502 2175 531 2225 in
540 2180 621 2240 terga
632 2171 759 2234 refertur,

109 2249 186 2310 tragc
199 2256 283 2309 super
291 2241 384 2310 lapsus
395 2245 515 2306 socium,
528 2258 582 2312 qua
592 2242 675 2292 fibula
685 2257 792 2292 morsus

115 2313 206 2363 ericae
217 2310 315 2362 crebro
326 2312 420 2362 laxata
430 2313 583 2364 resolverat
590 2313 657 2372 ictu,
839 2310 890 2361 eei

120 2383 201 2448 cepit
209 2380 305 2444 laturi,
315 2382 479 2448 penitusque
488 2383 517 2433 in
526 2383 633 2432 viscere
645 2380 747 2447 adegit,

125 2451 224 2504 stabat
234 2451 290 2502 fixo
302 2450 375 2519 qnod
386 2449 458 2501 forte
470 2451 617 2512 cadavere,
630 2448 741 2499 ferrum.

131 2537 150 2572 u
160 2525 265 2572 sortem
278 2519 366 2571 necis!
379 2521 467 2570 evasit
477 2519 675 2570 Garamantica
683 2518 745 2569 tela

136 2589 338 2660 nnaridumque
350 2605 450 2644 manus
459 2628 467 2656 ,
476 2596 510 2643 ut
518 2591 608 2644 inerti
617 2588 740 2656 cuspide
747 2585 835 2637 tusus

141 2659 242 2724 ideret,
254 2661 312 2715 telo
322 2678 382 2717 non
392 2664 421 2717 in
432 2680 487 2718 sua
497 2663 625 2717 vulnera
631 2662 739 2714 misso.

147 2729 200 2779 itur
210 2734 367 2803 exanimis,
378 2743 548 2811 turpatque
558 2729 818 2792 deeoraiunentu

881 2640 943 2688 Q
