1920 2962
210 129 463 183 PUNIGORUM
488 131 570 183 LlB.
595 132 667 184 vlll.
760 134 811 187 lte

66 250 193 304 Manavia
204 251 275 300 lovis
286 251 314 301 in
323 252 445 317 templis,
457 252 640 320 lacrimaeque
651 260 760 305 vetusta

66 319 170 386 Effigie
180 320 267 386 patris
277 320 353 388 lorge
364 319 468 372 fluxere
481 322 594 383 Quirini.

67 389 163 442 Maior
176 395 205 440 et
215 386 351 440 horrificis
360 404 421 441 sese
431 391 529 441 extulit
539 390 608 441 Allia
618 393 692 459 ripis.

67 457 134 511 Non
144 457 226 525 Alpes
238 459 335 510 sedere
345 459 407 510 loco
414 496 422 522 ,
434 475 490 510 non
501 466 584 511 nocte
594 460 672 512 dieve
821 462 872 514 oe·

66 529 199 597 lugentes
209 529 282 579 inter
292 529 371 579 stetit
381 529 537 597 Apenninus
547 526 648 581 hiatus.

66 599 128 650 Axe
139 612 222 664 super
231 596 336 661 medio,
346 597 452 665 Libyes
464 613 481 648 a
491 603 570 665 parte
577 635 585 662 ‚
599 614 730 651 coruscae

66 668 101 719 ln
111 666 224 718 Latium
234 681 334 718 venere
344 666 434 731 faces,
446 675 596 736 ruptusque
606 667 717 736 fragore

66 736 226 788 Horrisono
237 737 330 803 polus,
343 743 372 788 et
382 736 472 788 vultus
483 743 598 804 patuere
611 739 754 790 Tonantis.

65 807 207 858 Aetnaeos
220 822 327 874 quoque
340 812 524 874 contorquens
536 822 551 858 e
563 808 689 859 cautibus
700 809 776 875 ignes
823 806 873 859 655

66 874 189 929 Vesbius
199 876 330 937 intonuit,
342 875 516 943 scopulisque
525 877 554 926 in
564 876 657 927 nubila
666 878 747 928 iactis

65 943 338 1013 Phlegraeuststigit
348 943 515 1012 trepidantia
524 945 615 996 sidera
625 951 729 997 vertex,

66 1015 145 1066 Ecce
154 1015 227 1064 inter
236 1013 341 1065 medios
351 1013 416 1066 belli
426 1029 588 1083 praesagus,
601 1021 630 1067 et
640 1031 688 1067 ore

65 1084 195 1135 Attonito
207 1098 342 1150 sensuque
352 1085 445 1146 simul,
458 1084 623 1136 clamoribus
633 1085 730 1151 implet

66 1153 149 1204 Miles
161 1158 254 1204 casua
264 1151 344 1215 feris,
355 1158 384 1203 et
395 1150 506 1204 anhelat
516 1154 593 1204 clade
604 1153 706 1205 futura.
822 1153 873 1205 660

65 1223 194 1284 Parcite,
207 1221 331 1273 crudeles
343 1219 456 1289 Superi,
465 1223 520 1273 iam
531 1223 631 1290 stragis
642 1224 747 1274 acervis

66 1291 210 1344 Deficiunt
222 1292 325 1358 campi,
336 1290 417 1343 rideo
427 1307 477 1359 per
488 1292 574 1343 densa
583 1291 721 1343 volantem

66 1362 185 1430 Agmina
195 1361 338 1412 ductorem
348 1360 470 1428 Libyae,
481 1377 631 1430 currusque
644 1362 744 1413 citatos

65 1433 152 1484 Arma
164 1431 251 1481 virum
257 1446 339 1498 super
345 1438 427 1498 atque
438 1437 513 1483 artus
526 1437 554 1484 ct
565 1430 811 1500 signatrahentem.

67 1499 238 1552 Turbinibus
247 1499 313 1551 funt
321 1502 438 1562 insanis,
450 1507 479 1552 ct
489 1501 595 1569 proclia
603 1506 701 1552 ventus
822 1499 871 1550 eei

66 1569 293 1638 lnqueocnlosin
312 1576 499 1622 ueorarotot
518 1570 812 1623 caditimmemoraevi

65 1638 274 1707 Nequidquam,
286 1640 310 1688 T
330 1655 491 1706 rasymene,
501 1642 556 1691 tuis
568 1638 698 1691 Servilius
711 1640 766 1691 oris

67 1707 235 1761 subductus.
256 1709 326 1772 Quo,
334 1709 434 1771 Varro,
445 1708 534 1776 fugiri
545 1708 600 1760 Pro
607 1707 742 1774 Iuppiterl
752 1709 811 1758 ictu

66 1778 231 1831 Procumbit
239 1780 299 1830 saxi
310 1778 391 1829 fessis
400 1793 464 1844 spes
474 1776 571 1827 rdtima
581 1777 700 1827 Paullus.

67 1848 190 1900 Cesserit
199 1845 263 1899 huic
275 1847 379 1901 Trebia
388 1847 483 1897 exitio.
503 1846 577 1896 Pons
588 1860 654 1896 ecce
667 1845 812 1895 cadentum
822 1844 872 1895 dit

67 1913 237 1984 Corporibus
246 1917 374 1979 struitur,
387 1916 519 1982 reicitque
532 1914 669 1965 cadavera
678 1913 785 1964 fumans

65 1986 197 2050 Aufidus,
207 2003 241 2038 ac
252 1987 351 2038 victrix
360 1985 474 2037 insultat
483 1984 565 2036 belua
577 1985 688 2050 campis.
765 2002 769 2009 ·

66 2056 168 2108 Gestat
176 2057 335 2124 Reuersus
348 2061 443 2107 nostro
456 2054 578 2106 demere
589 2069 700 2105 secures

66 2125 207 2186 Consulis,
220 2131 248 2177 et
258 2141 369 2193 sparsos
378 2125 460 2175 lictor
469 2123 525 2176 fert
535 2124 667 2191 sanguine
678 2122 776 2174 fasces.

64 2196 96 2247 ln
107 2194 229 2261 Libyam
239 2194 351 2245 Ausonii
360 2199 487 2261 portatur
498 2208 599 2261 pompa
610 2189 748 2258 triumphi.
819 2191 869 2244 ⁶75

65 2265 89 2316 0
103 2263 197 2316 dolori
208 2261 263 2315 hoc
275 2264 371 2326 edam,
383 2261 495 2330 Superi,
505 2263 607 2314 vidisse
616 2260 734 2312 iubetisl

66 2336 221 2402 Congesto‚
233 2332 328 2383 laevae
340 2331 465 2400 quodcun
485 2349 520 2383 uo
532 2331 672 2392 avellitur,
684 2344 752 2381 auro

64 2403 183 2456 Metitur
194 2401 292 2454 Latias
302 2401 437 2453 victrixc
501 2401 667 2469 agoruinas.

377 2584 576 2600 ..uu-m
