1920 2962
295 95 346 149 316
488 91 516 141 C.
547 88 652 142 Slhll
680 88 852 141 1TALlcl

296 212 432 278 Propulsa
441 209 546 260 invadit
558 211 679 276 piscator
691 209 802 258 caerula
814 209 898 275 cymb

238 285 288 336 625
300 281 345 334 Sic
357 280 468 331 tandem
479 286 603 345 ereptam
612 277 715 329 morbis
726 279 898 344 grassantibu

297 350 444 403 Marcellus
456 347 564 414 pubem,
577 346 699 398 lustratis
711 347 763 398 rite
773 348 898 415 maniplis

299 423 483 472 Circumstant
494 417 599 467 alacres
609 417 694 484 signa,
707 416 862 485 auditisque
873 423 898 468 tr

300 490 446 557 Respirant
455 486 521 537 laeti
533 485 713 553 clangoribus.
741 486 800 536 ltur
809 487 839 536 in
850 483 898 538 hos

300 561 345 621 Et,
357 559 380 608 si
391 556 450 606 fata
460 555 559 617 ferant,
568 556 645 604 iuvat
655 556 727 605 inter
736 555 844 620 proelia
854 555 898 607 fer

241 631 291 681 636
302 630 387 680 Posse
398 627 475 675 mori.
506 622 616 674 Socidm
628 625 753 685 miseret,
770 626 816 691 qui
828 631 898 676 sorti

300 700 330 750 ln
342 710 446 747 morem
457 693 593 761 pecudum
605 693 726 744 effudere
738 692 874 745 cubilibus
885 710 898 746 a

301 766 464 817 lllaudatam
476 764 601 816 animam.
619 762 751 813 Tumulus
762 760 898 815 inhonora

303 836 470 902 Respiciunt,
483 839 519 896 et,
531 833 574 884 vel
584 832 656 883 nullo
668 832 786 884 iacuisse
799 832 897 900 sepulc

305 906 392 965 Quam
404 903 534 953 debellari
546 901 657 964 morbis,
669 902 769 968 placet.
797 902 894 953 Ardua

244 973 293 1026 635
305 973 346 1023 Ad
356 987 448 1023 muros
458 971 514 1021 dux
525 973 602 1039 signa
613 971 693 1038 rapit.
722 972 852 1022 Tcnuata
861 972 898 1023 iat

305 1043 341 1094 Et
352 1043 440 1093 macie
452 1041 537 1109 galeis
550 1040 721 1092 abscondunt
733 1055 791 1102 ora,
802 1040 898 1092 malus

305 1112 346 1164 Ne
357 1113 392 1164 sit
403 1127 465 1180 spes
474 1109 558 1172 hosti,
569 1110 675 1161 relatur
689 1110 795 1162 casside
808 1111 898 1176 pallor

304 1180 452 1232 lnfundunt
462 1180 586 1246 rapidum
598 1179 733 1231 convulsis
744 1180 889 1232 moenibus

305 1250 493 1316 Condensique
505 1255 598 1299 ruunt:
609 1254 653 1300 tot
665 1248 744 1301 bellis
754 1251 829 1300 invia
840 1257 898 1301 tect

244 1319 294 1370 646
305 1320 414 1384 Totque
426 1332 480 1367 uno
491 1318 606 1367 introitu
619 1320 763 1384 capiuntur
774 1319 868 1370 militis
880 1336 898 1370 a

304 1389 415 1449 Totum,
428 1401 481 1454 qua
491 1384 599 1436 vehitur
609 1388 701 1450 Titan,
714 1403 769 1439 non
780 1387 837 1439 ulla
848 1405 899 1456 per

305 1459 376 1507 Tum
387 1471 447 1506 sese
458 1453 613 1506 Isthmiacis
625 1464 791 1524 aequassent
802 1459 898 1525 oppida

306 1528 362 1577 Tot
373 1525 486 1577 delubra
496 1525 595 1587 Deum,
606 1532 702 1594 totque
712 1528 786 1578 intra
796 1530 898 1579 moenia

305 1596 380 1646 Adde
391 1595 460 1660 fora,
474 1600 501 1647 et
513 1596 592 1647 celsis
604 1602 735 1664 suggesta
745 1593 859 1648 theatra
870 1613 898 1648 ct

246 1666 295 1718 645
309 1668 504 1735 certantesque
516 1667 585 1717 mari
595 1666 690 1728 moles,
703 1665 772 1717 adde
786 1667 882 1718 ordine
896 1669 898 1717 ἶ

306 1739 464 1788 Innumeras
476 1739 619 1805 spatioque
631 1737 735 1798 domos,
749 1750 870 1804 aequare
883 1755 896 1788 s

305 1806 387 1857 Rura.
418 1807 497 1868 Quid,
508 1807 628 1858 inclusos
640 1811 768 1872 porrecto
776 1805 864 1858 limite
876 1807 898 1858 lu

303 1874 469 1936 Porticibus‚
482 1891 576 1926 sacros
586 1877 712 1927 iuvenum
726 1879 877 1927 certamine
890 1877 899 1928 l

306 1943 375 2003 Quid
387 1948 430 1992 tot
439 1945 553 2008 captivis
564 1944 697 2012 fulgentia
708 1944 827 1995 culmina
837 1952 898 1998 rost

244 2013 294 2062 656
304 2013 439 2078 Armaque
451 2013 505 2062 lixa
517 2013 597 2075 Deis,
616 2023 663 2065 aut
675 2029 743 2081 quae
755 2013 898 2066 Marathor

303 2081 440 2144 Perdidit,
453 2087 500 2131 aut
510 2081 602 2148 Libya
613 2099 681 2150 quac
693 2090 756 2134 sunt
768 2085 887 2135 advecta

303 2150 357 2200 Hic
367 2149 541 2216 Agathocleis
552 2153 632 2203 sedes
644 2159 742 2204 ornata
750 2157 889 2220 tropaeis:

302 2220 357 2270 Hic
368 2221 447 2270 mites
458 2220 588 2271 Hieronis
602 2237 683 2289 opes:
695 2220 739 2273 hic
751 2229 849 2275 sancta
865 2240 895 2275 re

302 2289 443 2340 Artificum
454 2290 586 2341 manibus.
616 2290 678 2342 Non
689 2308 802 2360 usquam
814 2294 898 2346 clario

243 2357 292 2409 655
306 2358 401 2410 Gloria
412 2360 534 2426 picturae
548 2361 630 2411 seclo.
661 2360 722 2412 Non
735 2377 801 2412 aera
810 2364 898 2414 invab.

303 2429 380 2489 Quae
393 2431 494 2480 scirent
504 2429 643 2499 Ephyren,
655 2429 729 2482 fulvo
743 2439 898 2485 certaretur

297 2497 400 2566 Vestis,
413 2503 552 2570 spirantes
563 2501 689 2556 referens
700 2502 852 2555 subtemine
861 2519 898 2552 ru

287 2571 371 2634 Quae
384 2573 470 2628 radio
485 2577 583 2629 caelat
591 2574 738 2641 babylon,
747 2571 898 2619 relmur'xcs

274 2642 379 2700 Laeta
389 2647 506 2718 Tyros,
518 2662 656 2720 quaeque
670 2640 799 2695 Attalicis
808 2637 898 2685 variat
