1920 2962
213 177 465 234 cumeorum
492 165 631 233 nrnfix.
745 183 799 237 ror

56 299 249 369 Magnanimos
261 304 360 362 terrae,
371 301 449 351 iuxta
460 307 542 368 atque
552 306 615 353 ante
623 316 672 353 ora
681 301 796 355 furentis

57 369 214 423 Obtruncat
223 368 312 419 Paulli
322 368 423 420 fessum
437 371 592 421 certaminis
602 367 719 423 hostem.

56 440 122 492 Heu
133 438 221 500 dolor,
232 437 285 488 heu
294 437 436 490 lacrimae!
448 437 578 490 Servilius
591 442 695 506 optima
703 441 775 506 belli,

56 509 127 562 Post
136 507 260 560 Paullum
271 507 335 559 belli
344 522 408 574 pars
420 509 532 575 optima,
543 510 646 561 corruit
655 511 713 561 ictu

56 578 218 639 Barbarion,
230 592 409 645 magnamque
420 578 521 630 cadens
531 578 588 629 leto
599 578 704 631 addidit
714 595 767 632 uno
804 582 855 631 225

55 647 190 700 Invidiam
201 647 307 698 Cannis.
337 647 457 698 Tristem
467 663 522 699 non
533 647 646 714 pertulit
653 651 723 700 iram

58 717 167 776 Consul.
179 723 208 768 et
215 716 303 767 insani
314 730 466 784 quanquam
478 719 617 769 contraria
627 720 702 769 renti

56 789 192 840 Exarmat
201 786 251 847 ris,
263 790 345 852 atque
358 785 482 837 obtendit
492 786 602 853 pulvere
613 786 711 850 lucam,

59 856 236 924 squalentem
247 869 375 920 rumpens
385 856 510 923 ingestae
522 861 616 907 torvus
627 871 728 907 arenae

56 925 215 994 Ingreditur
225 923 355 986 nimbum,
366 939 399 975 ao
407 926 462 976 ritu
474 927 528 976 iam
538 926 623 976 moris
632 925 730 977 Hiberi
806 925 857 976 230

58 997 187 1048 Carmina
196 993 305 1061 pulsata
314 992 471 1046 fundentem
482 994 603 1046 barbara
613 1001 707 1047 caetra

55 1064 175 1127 Invadit,
185 1064 333 1130 laevaeque
344 1061 416 1113 fodit
425 1064 520 1114 vitalia
530 1079 673 1116 mammae.

55 1136 112 1187 Hic
123 1133 178 1184 fuit
189 1138 326 1184 extremus
338 1131 452 1185 caedum
462 1133 549 1183 labor.
576 1132 684 1184 Addere
693 1132 766 1184 bello

55 1203 142 1258 Haud
152 1202 226 1252 ultra
236 1201 313 1250 licuit
324 1199 458 1263 dextram,
468 1215 519 1252 nec
529 1207 609 1252 tanta
619 1202 744 1254 relictum
755 1209 798 1255 est

55 1276 112 1337 Uti,
122 1273 220 1332 Roma,
231 1269 282 1321 tibi
292 1267 408 1336 posthac
420 1270 454 1320 ad
465 1270 570 1336 proelia
581 1270 686 1323 Paullo.
806 1273 856 1326 235

57 1342 162 1396 saxum
173 1342 278 1408 ingens,
289 1345 368 1390 vasto
378 1339 505 1391 libratum
518 1339 648 1407 pondere,
660 1357 744 1394 caeca

56 1413 179 1464 venitin
192 1425 242 1460 ora
252 1423 343 1471 manu,
355 1416 391 1473 et,
403 1409 559 1476 perfractae
571 1412 684 1464 casddis
696 1427 761 1465 aera

57 1481 174 1534 Ossibus
185 1478 330 1542 infodiens,
343 1480 491 1547 complevit
502 1481 633 1548 sanguine
643 1481 741 1534 vultus.

55 1551 125 1605 lnde
136 1549 232 1618 pedem
244 1546 375 1612 referens,
384 1549 634 1601 labentiamembra
643 1553 796 1620 propinquo

56 1620 193 1688 imposuit
214 1618 341 1683 scopulo,
363 1624 464 1686 atque,
485 1618 598 1737 unqqqti
617 1620 728 1673 vulnero
750 1637 796 1672 on·

555 1702 638 1750 eans,
806 1693 856 1741 240

57 1759 138 1813 Sedit
147 1756 274 1809 terribilis
286 1756 413 1822 clypeum
425 1771 508 1822 super
518 1770 566 1805 ore
577 1762 705 1808 cruento:

55 1829 188 1882 Immanis
199 1842 258 1888 ceu,
269 1825 388 1891 depulsis
398 1824 546 1876 levioribus
556 1820 651 1886 hastis,

55 1899 173 1966 Accepit
182 1898 227 1948 lco
238 1911 300 1946 cum
310 1894 420 1945 tandem
431 1909 481 1961 per
492 1899 606 1960 pectora
615 1893 726 1957 ferrum,

58 1966 181 2022 stetten
191 1966 298 2034 patiens
309 1964 400 2016 media
409 1963 605 2015 tremebundus
616 1979 708 2028 arena,

56 2041 106 2100 Ac,
116 2042 245 2088 manante
255 2034 325 2085 iubis
338 2035 463 2102 rictuque
475 2040 502 2086 et
513 2034 623 2086 naribus
633 2034 706 2085 unda
809 2035 858 2086 245

58 2106 224 2177 Sanguinis,
245 2103 382 2155 interdum
402 2104 561 2172 languentia
581 2120 720 2157 murmura
742 2111 797 2155 tor·

553 2189 628 2237 uens,

56 2244 184 2299 Effundit
193 2242 288 2313 patulo
298 2248 469 2310 spumantem
481 2257 515 2294 ex
528 2190 576 2295 ‹llre
586 2259 721 2296 cruorem.

58 2318 133 2368 Tum
142 2329 209 2367 rero
219 2311 380 2364 incumbunt
389 2311 493 2378 Libyes
505 2328 595 2380 super.
624 2314 687 2380 lpse
698 2315 783 2364 citato

57 2387 169 2438 Ductor
179 2399 259 2451 equo,
271 2397 325 2449 qua
336 2379 416 2431 ssatus
429 2383 495 2449 agit,
507 2397 560 2449 qua
574 2384 682 2448 pervios
694 2383 774 2444 ensis,

60 2456 253 2520 Quesonipes,
281 2467 317 2501 ua
325 2450 458 2517 belligero
470 2449 530 2500 fera
539 2450 621 2501 belua
629 2450 719 2502 dente.
807 2453 857 2502 2511

59 2526 184 2578 Obrutus
193 2522 238 2575 hic
247 2528 275 2573 te
287 2522 309 2570 's
320 2519 387 2570 ferri
398 2534 448 2585 per
459 2534 577 2586 corpora
587 2519 652 2572 Piso

56 2595 205 2648 Rectorem
217 2598 248 2644 at
258 2588 455 2658 riditLibyae,
468 2591 604 2644 connisus
611 2586 776 2642 inlaustam

47 2665 101 2714 Ilia
112 2661 269 2728 cornipedis
280 2661 418 2716 subrecta
431 2663 555 2734 cuspide
563 2663 692 2723 transit,

39 2715 877 2809 &flemeneaubernequidquamineunmerecoeni*
