1920 2962
252 171 505 224 PUNlCORUM
534 174 613 226 LlB.
632 176 685 229 Vl.
797 181 849 231 ttt

104 291 227 344 Virtutis
238 307 345 343 sacram
355 292 468 343 rabiem.
487 292 638 359 Laevinus,
650 296 684 347 ab
695 298 751 348 alto

105 360 250 423 Priverno,
261 362 323 412 vitis
334 360 433 412 Latiae
444 364 596 430 praesignis
606 362 719 430 bonore,

104 431 271 483 Exanimum
282 430 441 482 Nasamona
450 432 545 496 Tyren
556 448 637 499 super
646 435 706 500 ipse
715 436 826 487 iacebat

48 505 54 513 “
104 500 261 551 Exanimis:
280 515 334 551 non
344 497 428 550 hasta
438 501 507 563 viro,
518 516 572 552 non
585 506 669 553 ensis:
686 505 714 554 in
725 506 792 556 artis
871 508 885 555 l

103 568 264 621 Abstulerat
276 569 345 619 Fors
357 584 446 619 arma:
466 574 557 621 tamen
569 573 718 624 certamine
729 574 802 624 nudo

103 639 214 690 invenit
223 639 306 690 Marti
316 638 401 688 telum
412 637 499 689 dolor.
528 639 584 691 0re
595 647 708 692 cruento
729 681 735 690 .

104 707 269 776 Pugnatum,
280 706 399 774 ferrique
411 708 498 759 vicem
510 709 576 759 dens
589 710 714 776 praebuit
722 712 789 762 irae.

104 779 164 829 lam
174 776 282 828 lacerae
293 791 383 838 nares,
394 774 561 844 foedataque
571 778 673 830 lumina
682 795 784 842 morsu,

102 848 164 898 lam
174 850 300 897 munaum
311 846 398 913 raptis
411 852 494 912 caput
505 846 624 910 auribus,
636 849 750 916 ipsaque
762 849 828 899 diris
871 851 903 900 bd

101 914 420 982 Fronsdepastamodis,
436 916 842 984 ctsanguineabundathiatus:

101 983 163 1036 Nec
174 986 271 1036 satias:
291 985 379 1036 donec
389 984 547 1035 mandentia
556 985 691 1054 linqueret
702 1002 751 1039 ora

102 1053 230 1121 Spiritus,
243 1059 271 1105 et
280 1054 376 1120 plenos
386 1055 472 1105 rictus
482 1070 556 1106 mors
568 1061 629 1106 atra
638 1062 753 1107 teneret.

101 1120 184 1174 Talia
194 1122 258 1173 dum
269 1123 383 1189 praebet
393 1124 479 1174 tristis
490 1124 622 1175 miracula
631 1127 726 1187 virtus,

100 1192 335 1243 Diversointerea
345 1191 481 1259 fugientes
492 1194 586 1243 saucia
596 1193 678 1245 turba
870 1197 903 1247 55

102 1263 246 1313 lactantur
257 1275 331 1323 casu,
343 1261 470 1328 silvisque
480 1277 529 1329 per
541 1264 601 1313 avia
613 1265 702 1314 caecis

102 1330 193 1382 Ablati
203 1329 297 1380 furtim
307 1330 393 1381 multo
405 1346 466 1381 oum
480 1331 591 1383 vulnere
604 1333 677 1383 solos

100 1400 158 1451 Per
167 1406 277 1450 noctem
288 1405 426 1451 metantur
437 1416 527 1469 agros.
551 1400 640 1453 Sonus
647 1404 733 1453 omnis
741 1408 841 1453 etaura

100 1471 261 1532 Externum,
272 1484 415 1537 pennaque
425 1470 477 1521 levi
489 1478 627 1522 commota
638 1472 765 1522 volucris.

100 1539 165 1593 Non
175 1553 267 1607 sopor,
280 1545 329 1590 aut
337 1540 421 1590 menti
433 1541 550 1608 requies.
579 1542 642 1608 Agit
652 1555 732 1607 asper
743 1541 844 1591 acerba
867 1542 900 1593 dt)

100 1608 839 1678 Nuncltlagoattonitos,nuncarduusHannibalhasta.

100 1679 245 1742 Serranus,
258 1680 360 1730 clarum
371 1693 479 1740 nomen,
490 1684 548 1740 tua,
560 1679 673 1746 Regula,
684 1679 786 1745 proles,

102 1751 165 1813 oui,
176 1750 288 1817 longum
299 1763 408 1814 semper
420 1747 494 1797 lama
503 1747 635 1814 gliscente
647 1763 697 1812 per
707 1762 813 1809 aevum,

98 1819 195 1872 inlidis
206 1832 329 1868 servasse
339 1817 420 1867 iidem
430 1815 620 1865 memorabere
631 1815 741 1876 Poenis,

98 1889 184 1941 Flore
194 1887 285 1936 nitens
295 1886 396 1951 primo,
409 1884 514 1950 patriis,
525 1880 591 1933 heu!
610 1884 716 1934 Punica
726 1882 799 1934 bella
867 1886 900 1936 65

98 1956 235 2023 Auspiciis
245 1956 384 2021 ingressus
396 1958 469 2016 erat3
488 1952 669 2021 miseramque
685 1959 836 2020 parentem,

99 2027 138 2077 Et
157 2025 251 2075 dulces
262 2025 333 2074 tristi
344 2022 488 2090 repetebat
497 2027 572 2074 sorte
583 2029 696 2090 penates

101 2093 226 2146 Saucius.
246 2094 329 2145 Haud
339 2093 377 2144 illi
388 2094 517 2144 comitum
529 2108 613 2159 super
623 2093 702 2156 ullus,
715 2099 744 2144 et
754 2094 821 2144 atris

99 2163 268 2216 Vulneribus
279 2164 324 2231 qui
333 2162 420 2213 ferret
430 2177 523 2229 opemt
542 2177 592 2228 per
602 2163 691 2224 devia,
702 2162 809 2213 mactae

104 2233 222 2284 innitens
233 2231 339 2295 hastae,
349 2231 477 2299 furtoque
490 2238 600 2298 ereptus
612 2246 716 2299 opacae
867 2234 900 2282 m

109 2302 207 2364 tostis,
218 2303 272 2352 iter
283 2303 397 2352 tacituro
408 2301 542 2352 Perusina
552 2300 659 2352 ferebat
668 2303 695 2351 in
709 2316 788 2351 arva:

116 2388 138 2424 rc
150 2371 240 2422 fessus
250 2371 327 2437 parvi
339 2372 350 2433 (
356 2385 532 2438 quaecunque
542 2371 581 2421 ibi
592 2370 651 2421 lata
662 2370 809 2432 darentur)

120 2443 210 2492 imina
220 2439 347 2507 pulsabat
357 2441 437 2490 tecti:
457 2454 518 2490 cum
529 2440 652 2491 membra
663 2438 743 2489 cubili

124 2511 238 2562 volvens
248 2525 303 2560 non
313 2508 395 2559 tarda
404 2509 499 2559 Manis
509 2510 604 2571 (vetus
614 2509 659 2559 ille
676 2507 795 2573 parentis

129 2581 190 2644 iles,
201 2585 230 2631 et
240 2577 314 2630 baud
325 2578 408 2630 surda
417 2582 553 2628 tractarat
561 2576 778 2646 praeliatamax
869 2571 916 2620 'lla

134 2649 238 2711 coedit,
248 2654 383 2700 renovata
394 2645 465 2701 locis
479 2653 508 2703 et
516 2648 758 2719 paupereVesta

139 2719 209 2768 mrira
210 2719 403 2782 praetendens
412 2738 419 2772 τ
429 2726 523 2794 utque
529 2717 907 2793 oraagnout,esaegnm
