1920 2962
165 151 428 209 'pudicorum
458 155 541 208 ΜΒ.
565 157 650 210 XVll.
716 156 793 210 ,363

54 277 188 345 Namque,
200 276 246 353 upi
257 276 383 342 prosiluit
392 277 498 339 castris,
511 292 562 328 eeu
567 278 692 328 turbidus
698 277 793 339 amnis,

56 349 118 410 Qui,
130 346 211 398 silvas
223 360 256 396 ac
267 359 336 396 saxa
346 343 466 406 trahens,
478 361 527 412 per
537 346 617 396 devia
628 360 759 413 praeceps
805 411 809 416 .

57 417 193 478 Volvitur,
204 421 233 465 et
243 415 317 481 ripas
328 416 465 480 spumanti
474 417 582 483 grugite
592 416 677 475 laxat,

56 489 125 536 Ante
138 498 232 536 omnes
244 489 407 550 praevectus
419 498 500 551 equo,
512 483 794 551 tralritagminaroee.
806 483 856 534 115

58 557 161 606 Contra
171 567 238 605 sana
249 567 345 603 manus
356 552 457 614 Rutuli,
469 553 611 621 celsusque
622 553 720 604 ruebat

57 624 124 675 Viso
135 637 201 691 rege
211 621 308 689 procul
320 623 405 687 raptis
416 624 553 674 exercitus
565 624 656 674 armis.

56 695 95 744 dc
106 692 158 744 sibi
168 693 298 760 quisque,
311 689 448 742 virescet
469 692 595 753 videsne,
612 694 679 742 utin
690 692 798 759 agmine

500 794 504 801 ι
553 776 622 812 rimo

57 830 196 897 Massylus
206 830 312 891 volitet,
323 828 476 894 deposcens
487 777 601 898 praedia,
613 827 722 881 rectori

58 896 329 959 sacrosanctos,
350 913 413 950 mea
424 898 535 962 dextra,
557 900 648 950 decus.
678 898 799 950 Violarit

535 975 564 1020 et
576 984 637 1019 aras
806 967 857 1017 130

59 1038 237 1100 Coelicolum,
249 1045 277 1089 et
292 1038 361 1088 casti
372 1037 494 1087 ductoris
506 1036 620 1088 foedera
630 1039 711 1105 rupit.

60 1108 103 1159 Sit
114 1110 182 1160 satis
193 1107 264 1157 hunc
276 1107 373 1158 castris
385 1106 470 1156 semel
480 1105 608 1173 effugisse
620 1108 755 1158 crematis.

61 1177 106 1229 Sic
118 1193 212 1228 secum
223 1177 310 1236 taciti,
323 1181 352 1225 et
363 1175 489 1225 certatim
501 1175 605 1240 spicula
616 1174 740 1226 fundunt.

59 1249 154 1298 Prima
163 1247 192 1296 in
204 1244 358 1311 cornipedis
370 1243 442 1295 sedit
453 1244 617 1308 spirantibus
628 1244 720 1311 ignem

59 1315 178 1367 Naribus
189 1312 270 1365 basta
280 1313 383 1377 volans,
395 1313 537 1381 erexitque
549 1329 596 1364 ore
608 1319 722 1365 cruento
812 1311 861 1364 135

61 1384 282 1452 Quadrupedem,
294 1384 373 1435 elatis
385 1384 538 1450 pulsantem
548 1384 668 1435 calcibus
680 1399 768 1436 auras.

61 1456 171 1507 Corruit
182 1469 263 1521 asper
274 1469 368 1522 equus,
381 1455 544 1521 confixaque
556 1454 668 1521 cuspide
679 1456 802 1506 membra

59 1525 124 1577 Huc
135 1524 200 1574 illuc
211 1525 328 1584 iactans,
341 1530 478 1573 rectorem
490 1523 611 1588 prodidit
622 1522 703 1574 hosti.

61 1591 204 1652 Invadunt,
215 1606 368 1656 vanamque
378 1591 480 1657 lugam,
490 1597 571 1657 atque
579 1593 706 1643 attollere
713 1593 801 1644 fessos

60 1662 235 1713 adnitentem
248 1665 332 1719 artus,
343 1665 475 1709 revocato
487 1675 502 1709 e
513 1660 624 1710 vulnere
635 1661 704 1720 telo‚·
812 1662 863 1711 teo

63 1730 233 1795 corripiunt:
247 1734 305 1777 tum
316 1726 406 1777 vincla
416 1728 475 1776 viro
486 1729 665 1794 manicaeque
676 1728 804 1795 pudenda

61 1800 170 1859 Addita,
182 1803 219 1859 et,
233 1796 388 1862 exemplum
399 1811 453 1845 non
464 1810 583 1863 unquam
595 1797 681 1847 fidere
690 1798 779 1862 laetis,

62 1867 246 1935 sceptriferas
259 1871 321 1916 arta
333 1865 437 1932 palmas
448 1865 559 1915 vinxere
573 1872 680 1917 eatena.

61 1940 178 1991 Ducitur
190 1951 224 1989 ex
235 1937 291 1987 alto
304 1936 426 1986 deiectus
437 1935 552 1985 culmine
564 1937 650 2002 regni,

64 2010 116 2071 Qui
127 2007 209 2058 modo
221 2005 271 2058 sub
285 2005 398 2072 pedibus
409 2013 511 2066 terras,
524 2011 552 2054 et
562 2012 681 2073 sceptra,
693 2012 800 2072 patens-

539 2089 591 2142 que
812 2075 862 2126 115

62 2149 162 2199 Litora
172 2146 206 2197 ad
218 2146 323 2198 Oceani
334 2145 383 2196 sub
394 2151 463 2195 nutu
475 2144 583 2195 viderat
594 2159 705 2212 aequor.

63 2218 215 2269 Prostratis
227 2216 325 2283 opibus
335 2216 413 2281 regni
423 2213 576 2266 Phoenissa
587 2222 727 2266 metuntur

62 2289 185 2356 Agmina,
198 2292 226 2337 et
234 2287 337 2337 inrisus
349 2286 441 2346 Marti,
452 2290 587 2352 notusque
600 2284 726 2352 fugarum

63 2358 154 2409 Vertit
164 2362 244 2423 terga
255 2357 324 2406 citus
336 2354 470 2406 damnatis
483 2354 640 2406 Hasdrubal
652 2355 732 2404 ausis.

63 2425 162 2478 Stabat
174 2423 322 2492 Carthago,
334 2426 468 2475 truncatis
478 2424 598 2491 undique
608 2424 736 2475 membris
813 2423 863 2473 150

64 2498 117 2548 Uni
128 2497 192 2547 nixa
201 2496 269 2556 tiro,
281 2500 412 2560 tantoque
424 2493 535 2562 fragore
547 2498 672 2543 ruentem

63 2565 202 2616 Hannibal
214 2564 322 2615 absenti
333 2564 470 2615 retinebat
479 2564 591 2614 contine
598 2562 718 2612 molem.

61 2635 93 2685 ld
103 2635 240 2702 reliquum
252 2633 342 2688 fessos
353 2636 415 2704 opis
429 2635 586 2704 auxiliique
599 2635 679 2684 c'iere

52 2703 155 2753 Rerum
169 2709 299 2758 extrema
310 2707 425 2762 iubente
437 2706 500 2762 bue
514 2706 684 2773 coningere
694 2695 861 2765 pauentes,
