1920 2962
167 181 217 233 366
358 182 387 232 C.
417 179 522 232 SlLll
548 178 716 231 lTrlLlCl

165 299 248 352 Haud
260 315 340 352 secus
352 315 384 351 uc
392 301 516 366 patriam
527 298 621 366 pulsus
631 298 781 367 dulcesque
792 308 900 367 penates

164 367 325 437 Linqueret,
336 377 364 421 et
373 371 467 421 tristes
478 368 556 420 exsul
566 365 724 419 traheretur
734 371 764 419 in
775 384 847 421 ores.

164 439 202 491 Ut
211 454 278 492 vero
289 438 384 491 effusis
394 453 500 506 puppes
511 437 663 505 procedere
673 438 775 501 ventis,

105 510 155 560 220
165 509 203 561 Et
213 510 313 561 sensim
325 523 442 575 coepere
452 507 548 574 procul
559 507 701 558 subsidere
710 513 831 570 montes,

166 577 299 646 Nullaque
310 579 365 629 ium
376 577 526 643 Hesperia,
547 582 575 627 et
586 591 719 695 nusqulpm
728 578 785 627 iam
798 577 899 628 Daunia

639 652 668 696 te
688 662 735 710 us3

165 717 245 768 llaec
255 731 348 767 secum
358 715 530 767 infrendens:
540 715 677 834 Mentispe
684 730 737 783 ego
743 730 867 784 compos,
876 723 899 767 et

659 799 693 835 oc
705 801 779 836 nunc

163 855 294 923 Indignus
304 854 403 917 reditu,
416 855 460 922 qui
471 860 573 904 memet
583 854 682 905 linibus
693 870 816 921 unquam

162 925 282 976 Amorim
293 922 447 975 Ausoniae?
457 923 615 991 Flagresset
626 923 738 974 subdite
749 925 841 977 taedis

103 993 152 1045 225
165 991 314 1061 Carthago,
325 999 353 1045 et
363 994 455 1060 potius
468 992 614 1044 cecidisset
623 1007 722 1044 nornen
735 993 852 1046 Elissae.

163 1063 235 1124 Quid
247 1061 331 1114 tunc!
342 1061 393 1114 Set
404 1075 527 1129 compos,
541 1064 585 1130 qui
596 1078 651 1113 non
664 1062 793 1114 ardentia
804 1065 859 1115 tela

161 1135 181 1182 Α
195 1133 294 1185 Cannis
305 1133 333 1183 in
344 1132 447 1200 temple
457 1132 506 1183 tuli
518 1129 657 1198 Tarpeial
669 1132 820 1200 lovemque

161 1202 278 1253 Detraxi
290 1201 379 1254 solini
392 1200 559 1268 sparsissem
569 1201 697 1253 incendia
706 1209 818 1254 montes

161 1271 215 1321 Per
226 1276 332 1337 septem
342 1271 414 1321 bello
426 1286 537 1332 vacuos,
550 1272 680 1338 gentique
693 1271 831 1338 superbae

101 1339 151 1389 230
162 1339 275 1400 Iliacum
285 1340 397 1388 exitium
410 1346 439 1389 et
450 1354 615 1405 proavorum
625 1339 684 1391 fata
695 1341 842 1393 dedissem.

162 1409 215 1459 Cur
235 1419 319 1473 porro
336 1404 405 1458 haec
427 1406 546 1475 ungenti
567 1408 659 1471 Nunc,
679 1425 753 1462 nunc
773 1411 894 1462 invadere

635 1479 709 1530 ferro

162 1547 228 1608 Quis
249 1543 399 1613 probibet?
421 1562 582 1614 rursumque
603 1548 637 1598 ad
659 1551 769 1601 moenia
789 1550 894 1603 tendere

656 1618 767 1670 ressusl

158 1685 221 1737 lbo:
234 1692 272 1750 et,
283 1691 435 1737 castrorum
446 1685 570 1755 relegens
579 1634 758 1740 mongumenta
768 1705 894 1749 meorum,

160 1757 221 1817 Qua
231 1757 276 1807 via
286 1761 353 1807 nota
362 1753 428 1806 mihi
440 1761 491 1817 est,
504 1757 751 1809 remeaborlnienis
763 1758 894 1810 aduodes.

97 1823 148 1874 235
159 1825 277 1877 Flectite
288 1827 316 1876 in
327 1826 435 1876 ltaliam
446 1840 551 1891 proras,
563 1829 680 1878 avertite
693 1827 820 1880 classem.

157 1893 244 1957 Faxo,
255 1901 287 1945 ut
297 1894 399 1944 vallata
409 1901 555 1946 revocetur
568 1893 659 1961 Scipio
671 1897 768 1948 Roma.

158 1963 271 2014 Talibus
283 1963 424 2014 ardentem
437 1963 513 2016 furiis
524 1963 666 2031 Neptunus
677 1972 708 2016 ut
720 1967 778 2017 alto

158 2033 313 2100 Prospexit,
324 2035 448 2099 vertique
459 2040 533 2086 rates
546 2035 580 2085 ad
592 2034 674 2085 litora
684 2035 763 2098 vidit,

159 2103 298 2164 Quassans
311 2103 464 2154 caeruleum
476 2106 585 2171 genitor
596 2103 894 2171 caputaequorafundo

97 2173 147 2220 llo
157 2172 247 2234 Emit,
261 2178 289 2222 et
299 2173 431 2222 tumidum
444 2180 536 2224 movet
547 2173 619 2224 ultra
629 2174 711 2223 litore
722 2181 846 2240 pontum.

155 2241 302 2308 Extemplo
315 2247 420 2303 ventos,
430 2241 594 2310 imbresque,
606 2250 634 2294 et
646 2258 713 2308 rupe
725 2244 863 2308 procellas

157 2311 285 2361 Concitet
294 2309 411 2372 Aeolias,
423 2326 455 2360 ac
466 2312 581 2363 nubibus
593 2309 706 2363 aethera
718 2313 824 2364 condit.

156 2381 236 2442 Tum,
247 2382 355 2447 penitus
367 2380 422 2431 telo
435 2380 545 2432 molitus
555 2396 640 2449 regna
651 2381 764 2432 tridenti

149 2449 262 2514 intima,
274 2451 307 2503 ab
320 2465 422 2503 occasu
433 2448 543 2515 Tethyn
554 2451 668 2517 impellit
679 2456 707 2502 et
719 2441 793 2515 citu,

77 2520 133 2571 245
144 2523 295 2576 Actutum
308 2524 418 2577 Oceani
429 2521 527 2572 turbet
535 2525 628 2584 ceput.
652 2522 894 2586 tremuerunt-gunt

138 2591 286 2664 Spumea,
298 2601 332 2648 et
342 2595 422 2648 illisu
434 2589 568 2658 scopulus
577 2588 675 2636 tremit
683 2587 910 2662 duxissemus.

128 2666 273 2733 PrimuS‚
286 2684 319 2722 se
335 2650 929 2720 attollensNesumonumextensumin

121 2737 278 2796 Nudavit
289 2740 416 2812 Syrtim
431 2733 578 2796 correpte
584 2719 703 2776 nubilus
708 2715 797 2762 unus.
