1920 2962
187 199 440 252 PUNlCORUM
470 202 550 254 LlB.
574 202 634 256 XV.
662 252 667 263 ,
751 203 800 256 alt

67 325 134 373 Cum
145 320 234 371 subito
246 322 384 382 assistunt,
397 321 494 372 dextra
504 321 635 390 laevaque
646 338 695 391 per
707 336 787 377 auras
827 326 861 374 2⁰

65 392 200 457 Allapsae,
212 389 283 440 baud
296 390 405 455 paulum
414 391 524 441 mortali
535 392 622 442 maior
631 393 732 461 imago,

66 462 138 511 Hinc
151 460 252 521 Virtus,
264 459 336 509 illinc
347 461 440 510 virtuti
449 461 560 510 inimica
569 461 711 527 Voluptas.

65 531 159 581 Altera
168 527 377 579 Achaemenium
388 529 510 595 spirabat
521 531 624 580 vertice
635 529 756 591 odorem,

65 599 222 650 Anrbrosias
235 597 333 648 diffusa
344 613 445 660 eomas,
457 604 485 649 et
495 605 571 649 reste
583 598 729 666 refulgens,

67 669 178 719 Ostrum
191 682 244 734 qua
253 667 327 717 fulvo
339 668 454 732 Tyrium
466 667 618 719 suffuderat
627 683 707 719 auro:
828 668 859 718 25

66 739 168 788 Fronte
181 737 264 787 decor
276 738 414 803 quaesitus
427 750 487 799 acu,
497 737 656 804 lascivaque
664 737 775 788 crebras

66 807 182 873 Ancipiti
194 813 268 856 motu
278 805 415 856 iaciebant
425 805 526 855 lumina
537 805 668 856 flammas.

66 876 183 925 Alterius
195 876 287 941 dispar
297 873 414 936 habitus,
426 873 501 925 frons
512 874 592 937 hirta,
603 888 782 941 necunquam

67 946 226 1010 Composita
237 949 342 994 mutata
352 958 444 994 coma:
457 951 532 995 stans
541 945 640 1007 vultus,
652 952 680 996 et
691 958 738 994 ore

66 1015 230 1080 incessuque
241 1015 299 1064 m'ro
311 1014 432 1078 propior,
444 1013 563 1081 laetique
574 1015 695 1082 pudoris,
828 1012 862 1062 3⁰

67 1083 145 1133 Celsa
156 1081 283 1132 humeros
291 1083 385 1132 niveae
396 1081 518 1148 fulgebat
530 1085 645 1134 stamine
655 1083 752 1151 pallae.

66 1153 193 1217 Occupat
201 1151 264 1200 inde
273 1151 356 1214 prior,
368 1152 509 1216 promissis
521 1153 579 1213 lisa,
592 1152 740 1217 Voluptas:

66 1222 134 1281 Quis
145 1219 223 1268 furor
235 1217 287 1279 hic,
299 1234 352 1268 non
364 1219 444 1286 digne
455 1234 531 1284 puer,
544 1235 704 1270 consumere
714 1219 786 1270 bello

64 1291 175 1340 Florem
187 1286 263 1337 aeut
276 1289 419 1338 Cannaene
433 1288 491 1352 tibi,
502 1291 664 1358 graviorque
676 1289 775 1356 palude

64 1360 208 1410 Maeonius
219 1355 316 1425 Stygia
325 1357 400 1408 lacus
413 1373 564 1423 excessere,
575 1358 737 1428 Padusque?
827 1359 860 1410 35

66 1430 154 1490 Quem
164 1427 272 1477 tandem
286 1428 319 1477 ad
330 1429 411 1479 linem
422 1428 548 1480 bellando
560 1429 619 1481 foto
628 1428 763 1481 lacesses?

66 1500 144 1549 Tune
155 1499 236 1547 etiam
249 1504 356 1548 tentare
369 1512 449 1564 paras
459 1499 595 1550 Atlantica
605 1515 699 1568 regna,

66 1567 245 1633 Sidoniasque
258 1566 370 1616 domosl
380 1569 491 1629 Moneo,
505 1574 611 1619 certare
622 1569 730 1635 periclis

64 1639 176 1698 Desine,
188 1642 215 1684 et
228 1636 380 1685 amrisonae
392 1642 475 1700 caput
485 1636 624 1687 obiectare
635 1637 780 1703 procellae.

64 1706 98 1758 Ni
109 1706 181 1773 fugis
191 1701 242 1753 hos
253 1704 330 1764 n'tus,
342 1704 436 1754 Virtus
448 1710 476 1754 te
487 1719 569 1754 saeva
579 1707 684 1756 iubebit
827 1706 861 1755 40

63 1778 117 1828 Per
128 1773 232 1825 medias
243 1771 358 1822 volitare
371 1773 453 1833 acies,
464 1772 623 1839 mediosque
635 1789 685 1840 per·
695 1775 781 1839 ignes.

64 1847 142 1897 Haec
164 1850 271 1911 patrem
292 1847 473 1908 patruumque
494 1847 575 1903 tuos,
599 1839 668 1893 haec
687 1841 801 1909 prodiga

539 1911 672 1974 Paullum,

62 1986 141 2035 Hacc
153 1982 255 2032 Decios
268 1978 379 2049 Stygias
390 1981 473 2032 Erebi
484 1981 599 2032 detrusit
611 1981 645 2032 ad
657 1980 757 2032 undas:

63 2053 136 2104 Dum
148 2052 231 2103 cineri
246 2051 367 2113 titulum,
385 2051 614 2119 memorandaque
630 2053 740 2102 nomina
753 2052 801 2103 bu·

539 2121 588 2171 stis

61 2191 232 2251 Praetendit,
244 2205 295 2240 nec
306 2204 445 2251 sensurae,
458 2191 522 2257 quid
532 2192 656 2258 gesserit,
668 2191 787 2243 umbrae.
827 2193 860 2244 45

61 2263 96 2311 nt
106 2261 130 2311 si
141 2275 184 2309 me
197 2261 337 2321 comitere,
349 2274 425 2325 puer,
437 2274 491 2310 non
502 2260 587 2311 limite
600 2260 667 2311 duro

60 2331 119 2382 Iam
130 2329 180 2379 tibi
191 2329 320 2379 decurrat
332 2331 456 2380 concessi
467 2330 598 2396 temporis
609 2335 694 2381 aetas.

59 2398 798 2466 Haudunquamtrepidosabrumpetbuccinasomnos:

58 2468 123 2520 Non
135 2468 250 2534 glaciem
259 2469 398 2532 Arctoam,
410 2482 464 2519 non
475 2470 616 2533 experiere
627 2466 741 2520 furentis

58 2538 192 2589 Ardorem
204 2539 311 2601 Concn',
319 2553 372 2589 nec
382 2552 491 2589 mensas
501 2551 584 2605 saepe
596 2546 710 2588 cruento
826 2539 863 2585 'sb

60 2607 192 2658 Gramine
214 2610 398 2678 compositas:
421 2608 542 2661 aberunt
562 2607 627 2659 sitis
647 2621 776 2674 asper-a,
791 2610 826 2652 ez

550 2677 681 2731 balistas

54 2742 103 2794 lob
111 2745 197 2811 galea
206 2749 313 2818 pulvis,
327 2757 468 2828 partique
478 2749 746 2810 timorelaboress
