1920 2962
154 185 204 237 2511
353 181 382 232 C.
413 178 519 233 SlLll
547 179 712 231 lTALlCl

154 303 208 356 Sed
220 315 295 364 vero,
307 299 356 351 sed
368 302 511 351 enimenta
523 314 617 351 omnes
628 298 728 351 alteria
738 299 840 351 firment

155 375 270 424 Centum
281 369 354 421 festa
365 371 436 420 lori:
448 374 556 420 eentum
569 368 652 419 eadat
662 367 755 421 hostia
765 370 862 421 cultris.

154 443 202 494 llle
212 448 320 492 trucem
331 439 394 490 belli
403 439 503 490 nubem
516 452 666 505 saevasque
677 439 814 506 proeellas

97 512 148 565 835
161 513 192 563 ln
202 511 322 576 Libyam
331 509 465 560 violenter
478 512 555 575 aget3
567 509 729 575 spectabitis
738 510 793 576 ipsi

158 581 262 648 Aegida
271 578 382 629 turbato
395 579 563 646 quatientem
572 578 600 627 in
610 578 718 644 proelia
727 578 836 630 mundo.

158 653 245 717 Atque
257 663 290 699 eu
301 647 416 699 Parnasi
426 652 572 714 postquam
583 646 703 698 clamata
713 647 764 700 sub
773 648 855 699 antris

158 719 285 780 liliatum,
296 716 423 785 vulgique
432 715 509 768 Deus
520 716 691 783 pervenitad
702 732 797 781 auros3

158 790 188 840 ln
200 786 367 855 Capitolinas
380 787 506 837 certatim
516 785 657 837 scanditur
666 800 755 850 arces,

98 859 149 911 340
161 857 379 923 Sternunturque
392 856 463 917 lori,
480 861 509 907 et
519 855 661 906 delubrum
672 857 805 924 sangarius
813 853 889 905 liono-

634 931 706 976 rant.

161 994 350 1047 'l'uanaeana
361 999 471 1054 canunt,
483 1007 670 1061 responsaque
681 993 891 1062 lidaprecantur.

159 1065 270 1116 Interea
282 1062 398 1113 assuetis
410 1062 501 1112 senior
512 1063 669 1130 Torquatus
679 1065 707 1114 in
720 1065 813 1126 armis,

161 1132 281 1185 Sardoas
292 1132 382 1199 patrio
393 1130 535 1198 quatiebat
544 1133 629 1183 milite
639 1137 738 1184 terras.

160 1203 299 1269 Namque,
316 1206 407 1251 ortum
417 1201 501 1251 lliaca
511 1202 617 1253 iactans
629 1202 663 1252 ab
675 1204 783 1270 origine
793 1215 892 1259 nomeu,

101 1274 193 1326 345111
207 1271 281 1322 bella
290 1271 497 1337 Hampsagoras
510 1272 612 1336 Tyrios
629 1278 764 1323 renovata
779 1274 892 1323 vocarat

160 1340 256 1392 Proles
267 1336 382 1405 pulchra
393 1340 461 1400 viro,
473 1354 524 1390 nec
536 1340 584 1390 tali
595 1341 678 1408 digna
688 1347 814 1408 parente,

160 1411 265 1461 Hostus
277 1412 350 1458 erat:
364 1408 440 1457 cuius
450 1406 537 1459 fretus
548 1409 670 1478 fulgente
680 1411 804 1474 iuventa,

160 1480 223 1544 lpse
234 1491 315 1543 asper
325 1477 396 1542 paci,
409 1477 508 1528 crudos
518 1480 576 1530 sine
586 1480 688 1530 uiribus
700 1495 798 1544 annos,

161 1547 305 1598 Barbarici
315 1545 405 1596 studio
416 1548 494 1609 ritus,
505 1547 648 1599 refovebat
658 1550 685 1599 in
699 1552 792 1602 armis.

101 1618 152 1668 350
164 1619 243 1684 lsque
255 1615 302 1667 ubi
313 1617 484 1683 Torquatum
496 1619 595 1684 raptim
607 1626 758 1685 properata
769 1619 895 1670 ferentem

162 1686 246 1756 Signa
255 1686 339 1748 ridet,
350 1702 511 1754 pugnaeque
518 1687 611 1738 avidas
621 1688 775 1740 accendere
783 1690 895 1747 dextras,

161 1757 270 1808 Fraude
280 1756 335 1807 loci
345 1763 420 1818 nota,
431 1756 571 1807 latebrosa
581 1772 631 1822 per
642 1760 704 1809 avia
714 1759 803 1810 saltus

162 1827 271 1889 Evolat,
284 1834 321 1888 et,
333 1828 444 1893 provisa
454 1824 536 1894 fugae
548 1827 710 1893 compendia
723 1843 848 1896 carpens,

163 1897 291 1963 Virgulta
300 1897 402 1962 tegitur
413 1896 483 1946 valle
496 1911 528 1946 ac
539 1895 729 1949 frondentibus
740 1898 851 1949 umbris.

102 1965 152 2016 355
164 1965 263 2026 Insula,
276 1963 422 2014 fluctisono
434 1966 638 2016 circumvallata
648 1967 798 2034 profundo,

163 2034 319 2098 Castigatur
331 2034 416 2098 aquis,
429 2049 639 2101 compressaque
653 2039 763 2104 gurgite
775 2044 861 2089 terras

162 2104 296 2152 Enormes
308 2100 419 2152 cohibet
429 2103 518 2154 nudae
530 2105 579 2155 sub
591 2107 709 2173 imagine
721 2107 840 2174 plantae.

163 2170 228 2221 lnde
240 2168 358 2220 lcbnusa
369 2174 443 2236 prius
456 2172 546 2224 Graiis
559 2181 713 2226 memorata
725 2177 839 2237 colonis,

161 2241 237 2301 Mox,
248 2239 357 2304 Libyci,
370 2240 485 2304 Sardus,
497 2258 631 2309 generoso
644 2247 778 2313 sanguine
791 2245 873 2296 fidens

104 2312 153 2363 360
167 2308 302 2371 Herculis,
314 2323 349 2358 ex
360 2323 421 2360 sese
432 2314 548 2362 mutarit
559 2316 669 2365 nomina
679 2320 782 2367 terrae.

163 2379 298 2431 ‚lllluxere
311 2379 403 2442 etiam,
415 2384 443 2430 et
454 2380 533 2431 sedes
545 2398 661 2448 posuere
673 2392 788 2436 coactas

163 2450 288 2514 Dispersi
298 2449 407 2518 pelago,
418 2456 481 2517 post
493 2459 571 2503 eruta
582 2454 727 2521 Pergama,
741 2455 850 2505 Teucri.

160 2516 220 2568 Neo
231 2533 347 2584 parvum
359 2520 452 2583 decus,
465 2520 580 2572 advecto
593 2539 653 2574 cum
666 2524 754 2575 classe
766 2530 879 2591 paterna

150 2589 272 2657 Agmine
284 2587 488 2661 Thespiadum,
496 2592 685 2651 terrimlolae,
694 2593 802 2643 dedisti.

77 2658 134 2711 365
144 2661 242 2712 Fama
255 2669 309 2727 est,
323 2678 392 2715 cum
402 2661 512 2714 laceris
523 2657 750 2710 metuendumne
756 2659 883 2705 membris

133 2730 333 2806 Supplicium
346 2735 448 2790 lueret
458 2735 615 2801 spectatae
622 2729 655 2775 'm
662 2724 745 2772 iente
752 2722 879 2776 brunae„
