1920 2962
139 231 187 283 2⁹2
329 230 358 281 C.
388 227 494 280 lell
520 226 688 278 lTALlGl

137 351 269 400 Latratus
282 347 357 398 fama
367 354 409 398 est
419 348 471 410 (sic
482 352 542 397 arta
552 347 702 405 interuenit
712 346 797 411 unda)

137 420 175 470 Et
185 419 334 468 matutinos
346 416 485 467 volucrum
497 416 684 466 transmittere
697 421 803 467 cantus.

137 487 226 539 Multa
239 489 297 538 solo
308 487 402 537 virtus.
431 486 489 536 lam
499 483 615 534 reddere
625 483 726 535 foenus
736 486 839 547 aratris,

137 558 195 608 lam
205 563 312 606 montes
322 554 448 606 umbrare
460 554 529 616 olea,
541 553 606 603 dare
618 553 731 605 nomina
740 553 853 615 Baccho,

96 626 129 676 25
140 624 375 692 cornipedemque
387 625 470 674 citum
481 623 555 673 lituis
565 637 715 690 generasse
727 622 848 685 ferendis,

137 695 258 746 Nectare
270 694 416 761 Cecropias
426 692 554 758 Hyblaeo
567 690 701 743 accedere
713 707 800 744 ceras.

136 765 191 815 Hic
204 770 233 815 et
243 761 379 814 Paeonios
390 776 491 812 arcano
502 759 605 812 sulfure
613 759 716 826 fontes,

136 834 191 884 Hic
202 831 314 884 Phoebo
327 833 409 899 digna
419 836 447 881 et
457 831 544 881 Musis
554 830 724 882 venerabere
734 837 824 883 ratum

138 902 195 953 Ora
206 901 395 964 excellentum,
406 914 500 952 sacras
511 900 556 967 qui
568 900 689 951 carmine
701 900 792 965 silvas,

95 970 127 1021 so
140 971 246 1037 Quique
258 967 407 1034 Syracosia
416 973 547 1020 resonant
556 968 694 1020 Helicona
705 971 826 1022 Camena
870 969 874 979 ’

137 1039 266 1090 Prcmtae
278 1053 344 1106 gens
355 1038 478 1107 linguae:
491 1043 534 1089 ast
545 1038 656 1101 eadem,
668 1053 732 1090 cum
742 1039 811 1091 belle
820 1039 858 1088 cie·

611 1113 664 1170 ret,

137 1178 237 1229 Portus
250 1177 393 1244 aequoreis
404 1181 483 1228 sueta
493 1177 622 1245 insignire
633 1178 765 1246 tropaeis.

136 1246 205 1296 Post
231 1247 318 1297 dirum
339 1244 503 1311 Antiphatae
529 1252 668 1313 sceptrum
695 1254 725 1298 et
746 1245 859 1314 Cyclopia

610 1330 640 1367 re
680 1330 706 1378 a,

135 1383 256 1434 Vomere
268 1386 410 1431 verterunt
419 1384 535 1449 primum
547 1399 618 1434 nora
628 1331 694 1435 nglpa
705 1383 803 1436 Sicani.

95 1452 127 1502 35
138 1451 247 1517 Pyrene
257 1450 331 1501 misit
341 1450 467 1517 populos,
480 1454 525 1520 qui
536 1468 634 1504 nomen
647 1454 681 1504 ab
693 1469 773 1506 amne

135 1521 256 1571 Ascitum
267 1521 357 1586 patrio
368 1526 459 1572 terrae
469 1522 626 1589 imposuere
637 1525 757 1577 vacanti.

135 1591 203 1642 Mox
213 1590 346 1658 Ligurum
356 1590 451 1656 pubes,
465 1590 557 1643 Siculo
568 1592 695 1656 ductore,
705 1594 813 1645 novavit

134 1661 275 1711 Possessis
285 1659 358 1710 bello
369 1666 477 1712 mutata
487 1662 621 1712 vocabula
629 1665 733 1730 regnis.

135 1730 194 1782 Nec
207 1733 272 1782 Cres
284 1729 414 1781 dedecori
424 1730 477 1781 luit
487 1731 591 1794 accola,
603 1731 722 1783 duxerat
732 1740 808 1784 actos

92 1799 126 1848 4⁰
139 1801 285 1851 Moenibus
297 1816 312 1851 e
325 1806 433 1851 centum
444 1816 498 1851 non
509 1801 601 1851 fausta
613 1801 647 1852 ad
658 1803 765 1867 proelia
774 1805 859 1859 Minos,

134 1870 302 1920 Daedaleam
324 1878 451 1936 repetens
473 1885 598 1937 poenam.
637 1872 691 1932 Qui
711 1871 807 1925 fraude
824 1883 859 1920 ne·

607 1939 692 1992 fanda

134 2003 284 2070 Postquam
296 2013 442 2072 perpetuas
452 2009 535 2060 iudex
550 2012 688 2061 concessit
706 2013 739 2063 ad
756 2013 859 2069 umbras,

133 2073 290 2124 Cocalidum
300 2076 413 2140 insidiis,
425 2077 498 2129 fesso
510 2080 614 2130 Minoia
625 2079 708 2131 turbe

132 2142 256 2193 Bellandi
266 2145 356 2196 studio
367 2145 464 2198 Siculis
477 2149 599 2200 subsedit
607 2150 634 2199 in
648 2150 712 2202 oris.

89 2212 122 2262 45
134 2212 304 2264 Miscuerunt
316 2214 464 2283 Phrygiam
482 2218 584 2283 prolem
599 2220 738 2272 Troianus
751 2224 860 2276 Acestes

132 2284 322 2350 Troianusque
333 2285 477 2350 Helymus,
487 2289 599 2338 structis
610 2289 670 2355 qui,
683 2292 756 2356 pube
768 2295 860 2347 secuta,

132 2353 162 2402 ln
173 2354 283 2418 longum
296 2367 329 2403 ex
341 2369 401 2404 sese
413 2355 550 2407 donarunt
560 2359 672 2408 nomina
681 2363 776 2412 nruris.

132 2422 190 2472 Nee
201 2422 338 2474 Zanclaea
348 2432 447 2491 gerunt
457 2425 600 2479 obscuram
613 2432 724 2480 moenia
734 2429 840 2490 lamam,

131 2491 254 2542 Dextera
265 2509 344 2560 quam
356 2494 450 2544 tribuit
461 2498 552 2563 posito
564 2495 694 2548 Saturnia
704 2500 771 2551 telo.

78 2559 115 2611 50
127 2558 183 2613 Sed
196 2562 281 2615 decus
292 2564 434 2617 Hennaeis
442 2563 609 2616 haudullum
618 2566 759 2632 pulchrius
771 2571 832 2631 oris,

120 2634 213 2699 Quam
226 2650 302 2705 quae
312 2633 452 2704 Sisyphio
462 2634 592 2686 innuerit
602 2648 706 2682 numen
716 2637 752 2683 ab
761 2637 869 2690 nubum,

110 2709 152 2762 Et
163 2708 295 2762 multum
307 2712 380 2761 ante
390 2707 466 2759 alias
473 2699 858 2770 upnmsusquetumns

107 2783 168 2837 Hic
182 2779 345 2838 Arethusa
357 2794 447 2833 sunm
458 2777 578 2843 piscosis
587 2768 670 2817 tonte
677 2767 815 2822 sessum
