1920 2962
734 54 743 86 t

133 177 387 231 PUNIGORUM
416 178 497 231 121ss.
527 182 560 234 ll.
681 182 715 235 4³

44 314 96 350 rum
107 304 135 348 te
145 304 255 349 servent
265 297 443 348 memorando
454 298 507 349 line
517 302 654 374 vigoremq

44 372 79 418 ita
89 382 141 418 nec
152 366 217 434 lessi
227 369 416 417 transmittant
428 382 546 435 corpora
556 370 665 421 Poeno:

44 437 74 487 od
86 436 174 489 solum
184 451 255 487 nunc
264 434 325 485 fata
333 437 424 486 sinunt
435 439 574 504 seriesque
585 437 686 499 fauni)
722 440 772 490 510

44 507 131 556 indam
140 504 187 555 leti
201 505 298 567 decus,
310 510 392 572 atque
402 507 430 555 in
440 507 534 556 secula
543 509 658 569 mittam,

44 590 92 642 que
102 574 227 624 laudatas
237 573 273 624 ad
283 589 377 624 manes
389 589 541 643 prosequar
550 576 669 627 umbras.

52 658 149 694 severa
158 642 210 693 leri
223 643 370 693 decurrens
382 641 493 694 aethere
504 646 581 712 virgo

44 717 140 763 antem
151 710 216 762 fatis
226 713 296 778 petit
304 710 472 762 inflammata
483 711 647 780 Saguntum:

44 783 82 832 dit
92 786 206 841 mentes,
218 785 247 830 et
256 785 371 846 pectora
381 786 447 831 neta
457 788 590 847 pererrat,
723 783 773 832 515

44 852 153 917 ittitque
165 850 260 899 animis
272 863 379 900 numen.
408 851 489 912 Tum,
499 849 561 901 fusa
571 851 704 913 medullis,

44 923 112 981 icat,
124 924 206 985 atque
218 919 260 969 sui
270 917 431 985 flagrantem
442 920 558 985 inspirat
567 936 694 971 amorem.
756 920 759 925 ’

44 989 176 1049 εινοίυιιὶ,
186 992 346 1054 tentantque
359 1002 457 1055 aegros
469 989 503 1038 ad
515 990 621 1056 proelia
630 992 712 1042 nisus.

44 1063 133 1109 eratus
146 1056 224 1107 adest
234 1058 321 1124 rigor,
332 1058 499 1125 interiusque
511 1065 635 1110 recursat

44 1129 72 1178 is
82 1125 170 1176 honos
180 1125 277 1188 Divae,
288 1131 317 1176 et
327 1141 435 1177 sacrum
445 1142 494 1191 pro
504 1129 609 1194 virgine
619 1129 711 1180 letum.
723 1129 773 1181 520

44 1198 113 1247 citus
123 1195 204 1246 fessis
216 1210 266 1263 per
277 1197 387 1246 ovantia
397 1201 512 1261 pectora
523 1210 626 1258 sensus,

44 1266 94 1315 leto
105 1266 233 1332 graviora
244 1266 316 1331 pati,
328 1273 477 1332 saevasque
488 1264 608 1323 ferarum

44 1342 118 1385 ntare
129 1335 223 1399 dapes,
235 1340 264 1384 et
274 1336 374 1385 mensis
387 1334 487 1384 addere
499 1336 608 1386 crimen.

44 1401 171 1471 prohibet
182 1404 262 1469 culpa
274 1403 404 1470 pollutam
417 1404 565 1464 extendere
576 1405 664 1455 lucem

44 1473 154 1534 clides,
165 1473 330 1541 paribusque
336 1472 435 1525 famem
444 1488 620 1540 compescere
629 1490 710 1526 mem·

450 1543 516 1603 bris,
721 1545 771 1594 525

44 1628 65 1662 m
76 1611 155 1662 simul
164 1611 269 1661 invisae
280 1612 368 1679 gentis
381 1614 523 1678 conspexit
537 1614 564 1662 in
581 1628 653 1675 arce,

44 1696 59 1731 e
70 1680 161 1732 ferens
173 1695 233 1730 sese
243 1680 357 1745 Libycis
368 1678 497 1730 Saturnia
508 1683 613 1744 castris,

44 1752 134 1801 ineum
146 1750 294 1815 increpitat
304 1749 463 1799 miscentem
474 1750 546 1798 bella
557 1749 686 1811 furorem,

47 1836 72 1881 e,
82 1821 125 1869 ira
134 1817 246 1867 turbata
255 1816 379 1883 gradum,
392 1818 446 1864 ciet
457 1818 533 1866 ocius
544 1823 632 1866 atram

44 1888 156 1946 rhenan,
165 1886 236 1935 imos
248 1886 398 1951 agitantem
409 1883 524 1934 verbere
536 1899 641 1935 manes:
724 1889 772 1938 530

44 1952 127 2009 almas
139 1953 262 2015 tendens,
273 1954 342 2014 Hos,
353 1954 450 2020 inquit,
461 1954 550 2005 noctis
561 1954 676 2018 alumna,

46 2041 140 2077 muros
151 2022 260 2089 impelle
271 2037 366 2072 manu:
385 2023 568 2092 populumque
580 2023 699 2076 ferocem

44 2098 88 2147 iris
99 2102 190 2145 sterne
202 2094 257 2143 suis
268 2109 274 2140 :
293 2092 362 2147 ,Iuno
372 2093 456 2143 iubet.
488 2095 551 2161 Ipsa
561 2097 712 2162 propinqua

44 2172 99 2215 ctus
111 2162 284 2228 studiumque
295 2167 372 2211 tuum
384 2162 418 2211 de
429 2163 500 2213 nube
510 2164 617 2213 videbo,

44 2235 109 2285 >eos
120 2244 307 2297 summumque
319 2231 410 2281 Iovem
421 2231 561 2282 turbantia
572 2233 635 2296 tela,
722 2232 771 2283 535

60 2301 217 2353 Acheronta
231 2315 338 2362 moves,
355 2297 504 2363 flammam,
521 2303 706 2370 immanesque

451 2367 607 2436 chelydros,

44 2442 182 2507 laremque
194 2444 280 2499 tuum,
293 2453 346 2505 quo
355 2441 454 2489 territa
465 2441 618 2505 comprimit
630 2455 678 2490 ore

44 2527 121 2572 erus,
134 2524 175 2570 ac,
186 2509 273 2558 mixto
286 2522 354 2574 quae
364 2514 492 2574 spumant
502 2508 574 2570 felle,
585 2525 699 2572 venena,

44 2578 153 2647 uidquid
164 2577 307 2637 scelerum,
318 2591 467 2642 poenarum
479 2578 607 2645 quidquid
619 2585 648 2629 et
654 2581 717 2627 irae

47 2666 94 2700 ore
104 2646 223 2700 fecundo
235 2646 362 2714 coquitur
373 2644 438 2710 tihi,
448 2662 574 2719 congere
583 2660 731 2713 praesepe
739 2641 801 2685 hl&

44 2719 138 2782 oculos,
153 2722 299 2789 totamque
311 2717 409 2775 Erebo
420 2719 547 2771 demitte
558 2716 743 2781 §aguntum-
