1920 2962
159 144 209 194 288
352 142 380 192 C.
410 138 515 192 SlLll
543 139 709 191 lTALlCl

157 263 236 314 Felix
247 260 326 323 haec,
336 261 433 327 inquit,
447 261 562 312 Veneris
573 275 657 311 nurus
669 259 764 312 ordine
775 260 854 331 longo

96 336 147 386 810
160 333 332 398 Troiugenas
341 331 432 380 iunxit
441 331 547 380 sociata
558 329 635 395 prole
646 328 762 381 Latinis.

156 403 206 455 Vis
218 407 246 452 et
255 400 426 467 Martigenae
436 396 573 450 thalamos
584 403 711 464 spectare
724 398 845 460 Qtdrinil

156 470 304 523 Hersiliam
316 483 410 520 cerno:
423 466 543 519 hirsutos
555 483 615 518 oum
628 474 773 535 sperneret
782 470 844 520 olim

158 541 233 593 Gens
243 539 334 589 vicina
343 552 453 604 procos,
466 538 572 603 pastori
585 542 666 603 rapta
676 539 777 589 marito

156 609 326 674 lntraritque
339 622 429 669 casae,
442 607 577 673 culmique
588 621 603 657 e
613 607 745 658 stramine
758 606 853 658 fultum

94 681 146 730 815
158 678 264 731 Pressit
272 677 348 727 laeta
357 681 462 738 torum,
479 681 507 727 et
522 690 634 726 soceros
650 677 793 727 revocarit
808 675 839 727 ab
853 689 886 725 ar·

632 760 692 796 nus.

157 817 273 884 Adspice
286 815 438 867 corruentis
449 829 568 882 gressus.
601 814 742 864 Evandria
752 821 838 866 mater

157 889 237 938 llaec
249 885 310 947 fuit,
322 890 350 935 et
360 889 467 935 vestros
479 885 571 951 tetigit
581 899 718 952 praesaga
729 884 845 935 labores.

157 957 207 1008 Vis
218 960 254 1017 et,
269 968 337 1021 quos
344 953 479 1019 Tanaquil
488 953 580 1004 vultus
591 952 690 1020 geratl
701 955 782 1005 llaec
793 965 887 1022 quoque

635 1029 729 1074 castae

158 1093 278 1162 Auguria
290 1091 376 1142 valuit
387 1092 495 1153 mentis,
505 1097 674 1159 venturaque
686 1093 759 1143 dixit

98 1165 149 1214 810
161 1164 256 1231 Regna
264 1163 333 1224 viro,
346 1166 375 1212 et
385 1161 497 1211 dextros
510 1175 526 1210 a
565 1162 621 1211 ovit
630 1163 658 1211 in
671 1162 736 1213 alite
747 1162 840 1214 Divos.

159 1234 233 1282 Ecce
244 1231 391 1296 pudicitiae
402 1229 514 1281 Latium
544 1246 618 1293 ecus,
629 1231 725 1282 inclita
735 1233 785 1283 leti

159 1301 226 1351 Fert
235 1299 355 1348 frontem
366 1304 448 1364 atque
461 1299 555 1350 oculos
571 1306 663 1351 terrae
675 1300 809 1352 Lucretia
822 1301 888 1351 lixos.

159 1368 222 1419 Non
233 1367 323 1428 (latur,
334 1363 388 1417 heu
399 1365 404 1415 l
416 1366 479 1429 tibi,
490 1368 591 1431 Roma,
603 1384 655 1420 nec
666 1376 723 1432 cst,
737 1370 810 1438 quod
821 1368 889 1421 malle

636 1438 736 1490 decere

159 1507 240 1557 Hanc
249 1504 358 1555 laudem
369 1505 488 1555 retinere
501 1505 555 1556 diu.
584 1508 710 1576 Virginia
718 1446 806 1573 idiota,

99 1578 150 1628 825
162 1578 257 1636 Cerne,
269 1578 414 1624 cruentato
426 1574 522 1626 vulnus
534 1576 583 1626 sub
595 1583 709 1643 pectore
722 1585 823 1642 servat,

160 1645 265 1696 Tristia
275 1643 380 1695 defensi
392 1642 466 1694 ferro
478 1652 655 1697 monumenta
664 1648 789 1714 pudoris,

160 1717 197 1766 Et
208 1715 325 1782 patriam
337 1713 433 1764 laudat
443 1715 598 1766 miserando
609 1717 637 1766 in
648 1717 761 1769 vulnere
769 1719 889 1769 dextram.

160 1785 210 1836 llla
221 1789 273 1845 est,
285 1799 355 1851 quae
366 1781 510 1850 Thybrim,
521 1799 591 1851 quae
601 1784 685 1853 fregit
695 1786 790 1853 Lydia
798 1787 873 1846 bella,

159 1853 287 1904 Nondum
298 1869 380 1919 passa
390 1869 502 1916 marem,
517 1854 610 1920 quales
622 1855 737 1922 optabat
748 1856 848 1908 habere

99 1923 149 1973 830
163 1922 306 1985 Quondam
320 1922 407 1973 Roma
418 1924 504 1985 viros,
522 1927 687 1976 conterntrix
698 1926 804 1977 Cloelia
813 1937 891 1978 sexus.

161 1994 236 2051 Cum,
250 1990 341 2040 subito
354 1997 467 2056 aspectu
478 1992 613 2055 turbatus,
626 1992 718 2061 Scipio
731 1999 831 2063 poscit,

162 2061 238 2122 Quae
249 2073 355 2124 poenae
367 2075 464 2122 eausa,
477 2067 504 2111 et
515 2064 561 2129 qui
572 2065 625 2115 sint
636 2066 664 2114 in
676 2066 789 2116 crimine
800 2078 892 2115 manes.

161 2131 232 2179 Tum
242 2128 333 2194 uirgo:
346 2129 456 2180 Patrios
468 2130 552 2199 fregit
563 2149 633 2200 quae
645 2135 769 2186 curribus
782 2141 863 2195 artus,

159 2199 197 2248 Et
207 2198 285 2247 stetit
296 2198 420 2249 adductis
432 2215 514 2266 super
526 2218 575 2253 ora
585 2205 732 2254 trementia
742 2204 835 2267 frenis,

99 2269 149 2320 835
161 2267 260 2328 Tullia,
271 2281 325 2316 non
337 2267 406 2318 ullos
417 2271 484 2319 sutis
494 2269 662 2324 exhaustura
671 2273 792 2337 labores,

159 2337 271 2389 Ardenti
282 2333 483 2405 Phlegethonte
492 2348 579 2392 natat.
608 2343 780 2394 Fornacibus
793 2342 857 2394 atris

159 2409 233 2458 Fons
244 2407 354 2472 rapidus
365 2407 439 2470 furit,
451 2414 533 2477 atque
541 2417 618 2463 ustas
629 2412 794 2481 subgurgite
806 2415 893 2464 cautes

156 2477 263 2544 Egerit,
274 2483 304 2527 et
315 2479 433 2545 scopulis
445 2480 536 2545 pulsat
546 2481 725 2549 flagrantibus
738 2498 796 2535 ora.

151 2546 205 2599 llla
217 2553 323 2611 nutem,
334 2565 407 2618 quae
415 2550 546 2602 tondetur
556 2553 720 2616 praecordia
728 2559 821 2604 rostro

78 2617 136 2668 840
148 2619 244 2684 Alitis,
256 2622 309 2679 (en
322 2628 463 2690 quantum
473 2627 588 2673 resonat
597 2620 791 2686 plangentlnus
798 2621 851 2667 alm

138 2693 283 2765 Anniger
295 2694 333 2747 ad
345 2701 453 2767 pastus
461 2693 580 2743 rediens
585 2685 831 2748 louislihostihus
837 2695 923 2730 uncam
