1920 2962
143 176 195 227 am
331 169 353 219 (2
389 164 493 218 SILH
522 162 693 216 lrnhlcr

83 297 135 347 111
144 294 216 344 Hine
232 291 348 357 pariter,
369 298 522 354 magnoque
537 282 757 403 virosbpiatmore
777 264 862 403 mim

652 368 671 403 u
685 389 692 403 .

143 430 201 482 Neo
213 444 265 480 non
278 434 305 478 et
316 425 421 477 foribus
431 436 548 491 propere
560 423 702 541 Campana
711 410 841 473 iuventa)
849 436 861 449 “

144 499 250 551 Extulit
258 499 319 564 ipsa
329 494 452 564 gradum
464 497 612 558 tantaeque
641 489 721 541 olore
730 490 856 559 repulsae

145 570 273 621 concitus
285 563 466 616 Hannibalem
476 560 604 612 volvebat
613 559 722 611 Virrius
734 574 795 611 ore.

143 639 269 697 Fulvius,
285 633 360 697 (buia
371 648 434 684 nam
444 629 616 697 spondebant
627 630 778 697 praesepia
787 628 862 680 menti

84 709 134 759 115
147 709 298 759 Venturum
308 703 401 765 decus,
413 706 442 753 et
452 703 561 767 Capuae
572 700 714 766 pereuntis
724 699 819 767 imago

145 778 203 828 lam
225 781 283 825 tum
303 778 364 825 erat
379 777 443 824 ante
460 769 570 831 oeulos)
583 766 645 851 Nou
659 764 862 899 'bgmmm

269 860 273 867 ¹
618 851 695 904 mqm

147 915 295 964 Ductorem
306 910 404 961 vestris
416 909 570 959 devinctum
581 905 653 956 colia
663 906 773 957 eatenis

146 983 258 1033 Romam
270 981 359 1029 victor
370 979 438 1044 agis,
449 975 564 1042 posthae
575 976 678 1026 intrare
690 974 801 1036 Quirini

146 1049 275 1101 Socratas
287 1047 396 1098 dabitur
407 1046 494 1096 sedes.
523 1043 619 1094 Tende
630 1044 718 1107 ocius,
731 1058 794 1107 oro,

86 1124 137 1171 120
149 1121 210 1181 Quo
221 1133 297 1169 mens
307 1130 392 1184 aegra
400 1119 490 1165 vocat.
510 1112 642 1164 Referunt
652 1109 724 1163 haec
735 1113 801 1165 inde
811 1114 861 1165 oiim

147 1191 235 1239 Mixto
244 1188 324 1238 minis
335 1192 364 1237 et
374 1189 455 1236 torro
465 1184 549 1234 trucis
560 1196 694 1249 responsa
704 1180 832 1235 Senatus

146 1261 281 1317 Tantane,
292 1256 473 1319 omnipotens,
485 1252 599 1319 caligine
609 1266 702 1302 mersa
711 1252 802 1305 latere

146 1326 217 1376 Feta
226 1321 336 1390 plaeeti
346 1323 451 1373 Veniet
458 1321 594 1388 quondam
605 1319 714 1372 felicior
725 1329 814 1385 aetas,

148 1396 213 1444 Cum
225 1393 271 1458 pia
281 1393 419 1457 Campano
431 1390 561 1458 gaudebit
572 1389 689 1441 Consule
700 1391 802 1455 Rome,

86 1464 137 1515 125
149 1464 186 1514 ut
195 1476 245 1530 per
256 1459 328 1511 bella
338 1459 384 1509 diu
394 1458 484 1510 fasces
496 1474 597 1526 perque
608 1473 684 1509 arma
695 1466 814 1528 negatos

148 1533 224 1584 Ultro
237 1530 272 1581 ad
282 1530 470 1597 magnanimos
482 1527 583 1579 referet
594 1543 693 1579 secura
703 1536 828 1596 nepotes.

149 1602 243 1653 Poena
259 1599 439 1667 superborum
456 1604 548 1648 tamen
560 1595 628 1648 haec
641 1598 754 1650 durabit
765 1612 860 1651 arom!

150 1671 229 1734 Quod
242 1684 294 1720 non
308 1675 371 1719 ante
382 1683 446 1719 suos
458 1669 552 1733 Capua
562 1666 596 1717 ad
609 1666 742 1735 suffragia
754 1670 849 1729 mittet,

151 1743 238 1804 Quam
252 1737 389 1807 Carthago
401 1752 474 1789 suos.
509 1737 658 1804 Postquam
670 1753 743 1789 nune
755 1734 861 1789 dictas«

625 1812 715 1867 natus,

89 1879 140 1929 130
152 1879 229 1930 Nunc
240 1879 316 1930 saeta
326 1880 461 1945 exposuit,
472 1882 529 1927 tum
540 1876 611 1924 veris
624 1874 694 1925 falsa
707 1891 757 1941 per
767 1882 849 1927 artem

150 1949 256 1999 Virrius
268 1949 420 1997 admiscens
433 1946 533 1997 cecinit
543 1943 626 1994 fatale
638 1947 745 1995 cruenti

150 2015 280 2064 Turbatis
291 2016 397 2081 signum
408 2015 480 2064 belii.
509 2015 622 2065 Furiata
632 2014 760 2064 iuventus

149 2086 245 2143 Arma,
258 2097 347 2144 arma,
359 2084 594 2151 Hannibalemque
605 2082 709 2133 rolant.
740 2084 806 2134 Ruit
814 2079 860 2133 und

627 2153 796 2221 querulgus,

151 2222 187 2272 Et
197 2220 306 2271 Poenos
316 2223 344 2271 in
355 2227 430 2271 tecta
441 2228 554 2272 vocant:
567 2222 689 2289 ingentia
698 2220 775 2273 faeta

90 2291 140 2341 135
153 2289 255 2341 Sidonii
266 2290 369 2340 iuvenis
382 2290 530 2352 celebrant,
543 2298 574 2341 ut
584 2291 689 2356 ruperit
699 2291 781 2358 Alpes

151 2359 280 2412 Herculei
291 2361 381 2411 socius
393 2357 510 2420 decoris,
522 2360 652 2427 Ditisque
662 2362 829 2428 propinquas

152 2432 305 2482 Transierit
315 2445 394 2480 eursu
406 2443 501 2494 rupes:
511 2436 541 2478 ut
552 2430 636 2480 caede
648 2428 752 2480 referta

152 2500 287 2551 Clauserit
296 2500 408 2552 Eridani
418 2499 507 2548 vietor
520 2498 604 2550 vado:
615 2500 705 2548 victor
716 2505 747 2550 ut
757 2499 828 2550 idem

147 2567 241 2635 Lydia
251 2570 377 2623 Romano
388 2568 509 2620 turbarit
517 2574 617 2634 stagna
625 2583 732 2618 eruore.

77 2642 129 2693 140
140 2642 179 2695 Ut
192 2642 314 2696 Trebiae
325 2644 403 2713 ripas
415 2648 533 2694 aeterno
543 2638 657 2687 nomine
664 2634 771 2712 inrnno,⁸
838 2699 846 2712 ς

130 2696 860 2785 Tradident,Paullumqumoeninmpraebuit
