1920 2962
107 148 362 203 PUNlGORUM
388 151 470 203 LlB.
493 153 540 205 Vl.
652 153 702 206 128

41 271 85 321 tin
96 269 239 322 adversam
250 285 303 321 non
314 285 385 322 rano
398 270 506 322 turbine
516 271 635 323 frontem

41 341 76 402 is,
89 345 130 401 et,
140 338 212 390 haud
224 340 333 405 paulurn
344 341 415 390 vires
427 340 521 393 adiuta
530 342 633 393 ruentis
709 341 762 394 350

41 423 67 459 m
78 408 177 459 ardore
189 407 277 469 ferae,
289 410 372 475 capiti
382 408 561 461 tremebunda
570 410 680 463 resedit.

44 493 76 528 or
82 477 117 529 ad
124 477 297 528 estradatur:
309 491 445 545 vocesque
451 483 565 545 repente
571 478 701 545 profusae

41 561 116 598 ereas
128 546 220 597 adiere
231 545 335 597 domos.
354 547 432 597 Furit
441 547 516 597 ilicet
525 549 567 598 ira

41 616 278 684 igena,impatiens
288 615 355 665 dare
361 620 448 683 terga,
460 630 598 683 novusque
606 615 703 679 dolori,

41 684 157 750 raiybem
168 684 250 752 longo
261 690 319 734 tum
331 685 446 751 primum
458 699 555 751 passus
564 687 592 737 in
603 700 680 737 aero.
713 685 763 737 255

42 753 137 804 r'rurtra
148 753 248 819 rapidi,
259 753 415 803 stimulante.
427 753 537 816 dolore,
549 753 645 806 fuisset

42 828 99 885 tus,
112 822 203 873 ablato
213 824 241 872 ni
253 822 372 889 Regulus
384 827 443 872 arte
454 822 566 890 regendi

43 897 117 942 ntem
128 892 253 942 elusisset
264 906 349 958 equo,
360 906 506 958 rursusque
517 896 640 943 secutum

42 961 127 1028 ipedis
137 975 221 1028 gyros
232 959 295 1011 flexi
307 961 462 1010 curvamine
473 962 543 1028 tergi
808 1020 811 1024 Ι

42 1031 92 1082 rtis
101 1029 178 1081 laeve
189 1030 263 1080 celer
273 1028 414 1096 effugisset
424 1027 545 1080 habenis.
713 1029 763 1081 260

42 1117 65 1149 »n
76 1104 217 1166 spectator
225 1100 320 1149 Marus
330 1100 402 1148 inter
414 1098 480 1148 talia
490 1099 567 1166 segni

44 1168 108 1220 ebat
119 1168 224 1219 dextra.
242 1167 307 1217 Mea
318 1172 396 1217 tanto
407 1169 435 1216 in
446 1183 562 1233 corpore
573 1169 689 1219 monstri

42 1253 56 1287 a
67 1237 187 1288 secunda
198 1235 257 1286 fuit.
276 1236 332 1286 lum
343 1237 581 1302 iamqueextrema
591 1238 703 1288 trisulca

42 1308 120 1357 bebat
130 1307 223 1374 lingua
233 1304 298 1356 fessi
310 1306 457 1357 certamine
470 1311 548 1373 terga

42 1375 171 1442 irupedis:
181 1375 249 1425 torsi
259 1375 355 1434 telum,
373 1380 455 1441 atque
466 1377 593 1443 urgentia
604 1376 683 1427 velox
712 1374 762 1427 265

42 1451 109 1496 iuret
120 1445 194 1496 sacri
204 1445 337 1512 serpentis
349 1444 453 1511 proelia
464 1451 551 1495 verto.

48 1516 156 1565 imitata
167 1512 265 1564 cohors
278 1515 403 1564 certatim
413 1514 518 1580 spicula
528 1514 632 1566 dextris

42 1585 108 1646 erit,
121 1583 292 1651 alternasque
303 1581 392 1633 ferum
404 1582 508 1634 diducit
517 1584 544 1633 in
555 1585 623 1634 iras:
681 1602 682 1605 ¹

42 1669 60 1703 c
72 1653 167 1703 murali
180 1652 288 1703 ballista
298 1652 420 1703 coercuit
429 1653 494 1702 ictu.

47 1720 152 1772 fractus
164 1721 360 1772 demumrires:
372 1735 423 1770 nec
432 1722 487 1770 ium
498 1721 612 1787 amplius
619 1735 702 1787 aegra
713 1720 762 1771 iii)

42 1796 130 1842 netum
142 1790 176 1841 ad
187 1791 261 1840 nisus
271 1791 348 1854 spina
357 1794 515 1854 praestante
527 1790 654 1854 rigorem,

44 1861 122 1911 litum
132 1860 160 1909 in
171 1858 257 1908 nubes
267 1857 328 1907 tolli
340 1861 436 1923 caput,
450 1857 539 1907 acrius
548 1858 640 1907 instat.

42 1945 75 1981 ue
87 1929 148 1980 alvo
161 1927 269 1994 penitus
280 1926 406 1978 demersa
416 1924 530 1977 falarica
539 1925 619 1987 sedit,

42 2000 148 2049 rminum
158 1996 282 2048 volucres
292 1996 382 2046 lumen
395 2010 510 2062 rapuere
521 1997 651 2063 sagittae:

43 2068 134 2119 rutulis
145 2072 224 2118 vasto
235 2063 284 2118 sub
296 2065 406 2116 vulnere
416 2065 540 2116 faucibus
553 2078 600 2116 aer
713 2064 762 2115 2¹15

42 2137 119 2188 icam
131 2137 373 2202 exspiratsaniem:
390 2150 488 2201 specus
494 2135 702 2201 ultimaiamque

42 2208 69 2255 ni
82 2205 184 2266 cauda,
196 2210 223 2255 et
234 2205 342 2267 iaculis,
353 2209 381 2254 et
392 2204 513 2270 pondere
525 2205 598 2254 conti

43 2281 70 2326 et
79 2273 167 2337 humi,
178 2274 305 2340 lassoque
316 2279 407 2324 tamen
419 2274 559 2324 minitatur
569 2272 658 2329 hiatu:

45 2345 215 2395 ctormontis
228 2342 346 2394 stridens
355 2357 508 2410 magnoque
520 2342 630 2410 fragore

43 2415 102 2464 rssit
113 2412 188 2463 trabs
200 2417 263 2463 acta
274 2416 369 2478 caput,
380 2411 516 2479 longoque
527 2410 667 2462 resolvens
712 2409 764 2459 280

43 2499 70 2534 re
84 2497 113 2534 se
123 2484 199 2548 ripae
209 2480 318 2532 tandem
330 2478 467 2530 exhalavit
473 2482 500 2530 in
513 2495 594 2531 auras

43 2558 109 2602 rtem
120 2551 245 2601 nebulam
257 2550 385 2618 fugientis
398 2548 431 2599 ab
443 2563 490 2600 ore
501 2549 608 2600 veneni.

43 2623 64 2672 it
73 2621 144 2671 tn'sti
155 2619 237 2671 tlurio
249 2620 383 2689 mugitus,
394 2625 424 2672 et
432 2620 498 2674 imis

43 2687 164 2739 mrafusa
173 2690 425 2763 radis3subitoque
433 2691 747 2758 succrescentium·
