1920 2962
152 167 202 217 222
351 165 380 215 G.
410 160 514 215 slirll
542 160 708 213 lrnhrcr

153 283 266 348 Assyrio
277 283 401 334 manibus
411 282 505 344 ratis,
516 281 664 349 medioque
674 281 783 333 diarum

153 351 269 420 Regales
281 352 387 420 epulae,
398 357 480 419 atque
491 355 554 402 ortu
565 351 691 401 convivia
700 350 770 402 solis

152 422 305 489 Deprensa,
317 427 346 472 et
356 420 430 472 nulla
439 419 548 470 macula
556 433 612 470 uon
621 418 692 470 illita
700 421 769 471 vita.

155 493 228 543 Tum
238 491 339 558 populo
350 491 424 541 saevi
435 489 546 550 Patres,
556 487 706 556 plebesque
717 486 838 542 Senatus

112 561 146 612 45
160 560 361 623 lnvidialaeta,
373 565 402 611 et
411 557 542 609 collidens
552 557 664 608 dissona
673 557 762 608 eorda
807 580 811 587 ·

156 630 271 682 Seditio.
290 627 345 680 Sed
356 629 427 679 enim
437 630 544 679 interea
553 627 704 679 temerans
713 627 795 694 pubis

154 699 265 752 Delicta
275 698 402 766 augebat,
415 696 545 763 pollutior
554 697 624 763 ipsa,
635 701 774 748 sensatus.

154 764 222 831 Nea,
233 782 302 836 quos
312 767 365 818 vila
375 781 460 834 genus
471 765 655 832 despectaque
664 764 736 816 lueis
745 767 825 834 origo

154 838 306 901 Foedabat,
316 850 427 904 sperare
437 835 489 886 sibi
500 840 529 885 et
539 834 690 900 deposcere
702 836 786 902 primi

112 908 146 958 to
157 908 281 958 Deerant
289 905 405 972 imperia
415 918 448 954 aa
460 904 566 969 patriae
576 905 718 971 pereuntis
729 902 857 955 habenas.

156 977 226 1038 Quin
238 977 321 1025 otiam
332 971 484 1024 exhilarare
494 973 560 1022 viris
571 973 697 1023 convivia
708 973 797 1024 caede

154 1045 216 1095 Mos
228 1044 300 1104 olim,
312 1048 342 1093 et
350 1043 466 1093 miseere
477 1041 563 1108 epulis
574 1041 736 1108 spectacula
746 1042 809 1093 dira

155 1116 314 1166 certantum
323 1111 411 1175 ferro;
426 1125 509 1176 saepe
520 1116 548 1160 et
558 1125 641 1177 super
647 1111 711 1177 ipsa
722 1111 861 1163 cadentum

153 1183 265 1245 Pocula,
276 1183 408 1248 respersis
419 1196 474 1232 non
484 1194 569 1246 pareo
580 1181 714 1247 sanguino
722 1182 833 1233 manus

111 1254 144 1303 55
156 1253 224 1311 llas,
236 1259 298 1301 astu
310 1265 468 1318 aggressus,
481 1264 534 1316 quo
544 1254 667 1300 verteret
677 1250 770 1302 aerius
779 1264 869 1318 aegras

153 1320 192 1371 Ad
205 1321 307 1384 'l'yrios
317 1324 431 1380 mentes,
444 1319 508 1385 quia
517 1317 591 1369 nulla
600 1324 676 1369 sorte
687 1318 817 1371 daturam

154 1391 250 1439 Certus
266 1393 325 1437 erat
341 1387 469 1449 Romam
490 1402 578 1455 neque
594 1388 667 1439 euim
682 1389 831 1456 impetrata
842 1400 880 1437 ro·

626 1457 711 1521 lebat,
782 1450 791 1465 ‘

154 1527 288 1588 (Pacuvio
299 1525 352 1576 fuit
362 1524 434 1576 haud
445 1524 592 1577 obscurum
605 1527 717 1578 erimine
728 1530 839 1592 nomen)

152 1596 289 1647 Hortatur
301 1596 397 1646 summi
407 1601 513 1662 partem
526 1595 763 1662 deposceremus,

109 1666 142 1717 60
153 1667 241 1732 Atque
252 1665 402 1717 alternatos
411 1665 517 1716 sociato
529 1665 645 1716 consme
656 1664 762 1718 fascem

153 1737 198 1798 lit,
209 1737 232 1786 si
242 1737 345 1803 partita
356 1740 472 1787 renuant
481 1735 584 1786 sedisse
596 1735 691 1797 auruli,

152 1807 359 1874 Aequatumque
370 1804 453 1857 decus
464 1805 639 1872 geminasque
649 1803 744 1856 ridere
754 1818 866 1863 secures,

152 1876 276 1927 Ultorem
287 1882 351 1927 ante
363 1875 457 1926 oeulos
468 1877 550 1940 atque
562 1887 612 1923 ora
628 1872 739 1926 adstare
756 1874 878 1942 repulsat

152 1945 227 2010 Ergo
237 1943 327 1994 electa
337 1958 432 1994 manus
443 1957 539 2010 gressu
548 1941 690 1993 lertdieta
701 1945 798 1995 citato.

106 2013 139 2062 65
152 2012 272 2061 Antistat
283 2012 388 2062 eunetis
399 2010 567 2077 praecellens
579 2012 685 2062 Virrius
696 2027 759 2064 ore:

151 2080 205 2131 Sed
215 2094 301 2147 genus
313 2080 473 2143 obscurum,
483 2083 602 2149 nullique
613 2082 707 2133 furore
719 2083 858 2135 secundus

151 2150 203 2211 Qui
214 2155 359 2218 postquam
370 2157 451 2202 coetu
464 2151 578 2201 Potrum
587 2153 747 2219 ingentique
759 2151 856 2205 Senatu

149 2219 236 2284 lmpia
246 2219 379 2270 dementis
390 2221 477 2288 vulgi,
490 2235 522 2271 ae
535 2223 661 2283 virtuto,
672 2220 797 2286 profudit

150 2288 287 2351 Consulto,
299 2294 328 2339 et
337 2289 447 2339 tumidis
457 2290 580 2341 incendit
589 2289 704 2341 vocibus
715 2305 812 2356 aures3

106 2360 139 2408 to
152 2358 288 2410 concordi
298 2357 409 2409 fremitu
418 2364 580 2410 renuentum
592 2358 743 2410 effunditur
753 2374 833 2427 asper

156 2430 229 2479 Toto
242 2445 256 2480 e
268 2428 383 2480 concilio
395 2428 506 2479 elamor.
537 2430 609 2479 Tum
621 2429 736 2496 quisquo
747 2428 844 2497 fatigat

93 2542 99 2553 ,
152 2498 879 2565 lncrepitans,vocumquetrerniteertaminetemplum·

141 2567 200 2620 Hic
214 2568 384 2639 Torquatus,
396 2566 578 2622 orumlronte
587 2568 747 2634 aequavisse
759 2580 852 2621 severa

128 2638 258 2707 Nobilis,
273 2642 339 2699 Heu
352 2644 452 2714 Capua
459 2643 610 2712 portantes
616 2637 689 2687 talia
695 2634 775 2684 duem

77 2711 114 2765 75
122 2712 286 2774 Romuleis
298 2718 446 2784 durastis,
457 2715 512 2779 ait,
522 2699 793 2764 suooederemm'n‘l
883 2768 887 2773 Ι
