1920 2962
219 169 471 224 PUNICORUM
496 171 578 225 bib.
608 176 655 224 111.
777 177 810 228 51

72 291 141 343 Mox
150 296 257 342 remeat
268 302 375 358 gurges,
387 295 532 360 tractoque
542 293 674 344 relabitur
684 300 770 358 aestu,
836 295 869 346 55

72 363 111 413 ric
121 361 190 411 ratis
200 365 296 426 erepto
307 361 410 425 campis
422 360 531 412 deserta
541 360 686 429 profundo,

72 431 110 482 Et
121 429 175 481 fusi
184 428 310 480 transtris
322 434 483 494 exspectant
493 443 613 498 aequora
623 438 731 483 nautae.

75 496 244 564 Cymothoes
255 512 289 548 ea
297 511 383 564 regua
392 513 488 566 vagae,
499 499 642 567 pelagique
650 500 758 553 labores

74 569 155 618 Luna
164 571 269 618 maretz
280 565 378 628 15555,
388 567 516 619 immissis
526 582 575 634 per
586 569 696 620 5555515
704 571 784 638 bigis,

73 638 194 704 Fertque
205 634 344 702 refertque
360 633 474 699 fretum,
484 638 659 706 sequiturque
669 640 812 706 reciproca

548 705 620 758 Tetla
642 724 663 759 s.
837 710 870 760 60

73 775 154 826 Haec
164 787 282 840 propere
293 771 506 839 spectatajducit
524 722 810 844 55555515515515555.

74 844 207 895 Cur-arum
218 842 307 909 prima
315 847 435 905 exercet,
447 841 599 904 subducere
610 843 682 894 bello

75 914 237 965 consortem
248 908 371 974 thalami,
382 926 548 979 parvumque
559 911 608 962 sub
619 913 811 964 uberenutum.

73 982 210 1050 virgineis
220 981 345 1031 iuvenem
356 979 458 1041 taedis,
469 982 611 1049 primoque
622 982 784 1048 Hymenaeo

73 1051 213 1104 lmbuerat
224 1051 337 1112 coniux,
349 1051 516 1118 memorique
526 1051 638 1102 tenebat
649 1066 753 1103 amore
839 1051 871 1102 55

73 1123 109 1171 At
117 1134 195 1187 puer,
206 1119 335 1170 obsessae
346 1125 492 1186 generatus
502 1121 530 1170 in
542 1134 589 1170 ore
600 1117 723 1186 Sagunti,

72 1189 121 1240 Bis
132 1203 212 1240 senos
222 1187 318 1239 Lunae
328 1188 447 1238 noudum
458 1187 642 1254 compleverat
653 1187 740 1239 orbes.

75 1259 161 1320 Quos,
171 1263 203 1308 ut
212 1257 307 1324 seponi
317 1259 402 1318 stetit,
414 1263 442 1308 et
453 1271 596 1308 secernere
606 1257 639 1307 ab
652 1259 742 1320 armis,

73 1326 180 1378 ,1515555
192 1326 301 1379 ductor:
321 1324 389 1392 Spes
400 1342 417 1377 o
431 1323 601 1394 carthaginis
612 1326 693 1390 51555,

74 1395 155 1457 Nato,
168 1410 219 1447 nec
228 1396 384 1447 Aeneadum
397 1397 483 1447 levior
494 1402 591 1457 metus,
603 1396 726 1463 amplior,
739 1410 797 1459 oro,
839 1397 872 1446 15

74 1463 118 1516 Sis
130 1467 220 1531 patrio
231 1465 341 1526 decore,
352 1464 473 1517 olfactis
485 1465 536 1516 5151
546 1467 657 1516 nomina
667 1465 779 1527 condas,
805 1516 807 1520 ,

75 1534 486 1600 Quissuperesbellatoravum:
504 1535 812 1602 iamqueaegratimoris

73 1605 164 1657 Roma
173 1610 236 1655 tuos
247 1610 371 1655 numeret
382 1604 564 1655 lacrimandos
575 1605 706 1654 matribus
719 1619 812 1654 annos.

72 1673 109 1725 Ni
121 1688 255 1741 praesaga
265 1688 341 1724 meos
352 1673 449 1724 ludunt
459 1673 621 1740 praecordia
632 1688 735 1735 sensus,

72 1744 173 1810 lugens
184 1740 229 1793 hic
239 1743 320 1792 terris
332 1744 432 1794 crescit
442 1742 534 1805 labor3
554 1756 602 1791 ora
613 1742 733 1806 parentis
839 1741 872 1789 75

73 1814 212 1880 Agnosco,
224 1817 357 1876 torvaque
370 1810 466 1860 oculos
477 1808 526 1860 sub
538 1808 628 1858 fronte
639 1809 768 1869 minaces,

73 1882 260 1948 vagitumque
271 1892 390 1945 gravem,
403 1884 485 1945 atque
496 1877 596 1926 irarum
608 1875 819 1927 elementamea·

547 1961 615 1996 rum.

74 2017 104 2070 Si
115 2018 175 2085 quis
186 2015 258 2066 forte
269 2015 358 2067 Derim
371 2022 463 2068 tantos
473 2015 600 2067 inciderit
611 2020 698 2077 actus,

72 2089 111 2141 Ut
120 2091 214 2137 nostro
226 2085 370 2152 abrumpat
379 2085 435 2137 leto
444 2085 593 2152 primordia
603 2100 707 2148 rerum3

72 2158 137 2209 Hoc
149 2157 246 2222 pignus
256 2155 329 2215 belli,
340 2157 448 2218 coniux,
459 2170 568 2206 servare
578 2155 682 2206 labora.
837 2150 871 2200 811

74 2227 196 2292 Cumque
209 2224 302 2274 datum
314 2223 374 2287 fari,
386 2225 439 2275 duc
448 2239 498 2291 per
509 2224 644 2275 cunabula
653 2227 761 2284 nostra3

73 2297 186 2362 Tangat
197 2292 334 2345 Elissaeas
345 2293 442 2361 palmis
451 2293 599 2361 puerilibus
610 2307 681 2355 aras,

73 2365 112 2415 Et
123 2363 208 2414 cineri
217 2363 290 2413 iuret
301 2364 391 2429 patrio
403 2362 554 2414 Laurentia
562 2361 642 2412 bella.

74 2433 152 2494 Inde,
163 2430 210 2481 ubi
221 2429 288 2482 flore
300 2447 372 2482 noro
382 2431 514 2498 pubescet
524 2432 629 2481 lirmior
641 2434 726 2489 aetas,

75 2503 186 2553 Emicet
195 2501 223 2550 in
235 2501 363 2563 Martem,
375 2507 411 2564 et,
423 2501 530 2552 calcato
541 2499 662 2562 foedere,
672 2499 761 2548 motor

75 2571 106 2621 ln
120 2568 274 2637 Capitolina
284 2569 416 2621 tumulum
425 2568 490 2621 mihi
502 2569 622 2620 vindicet
633 2584 705 2619 arce.

39 2655 42 2660 ·
76 2641 121 2690 Tu
131 2654 207 2699 vero,
218 2640 288 2690 tanti
299 2638 366 2691 felix
376 2654 458 2709 quam
468 2638 674 2710 glonaparuus
726 2699 734 2712 „

71 2709 236 2775 Exspectat,
249 2701 760 2823 55555555151515,51555555ξῖ155
