1920 2962
216 212 473 266 ruurcouuu
502 212 581 263 ern.
610 199 697 265 xvu.
784 213 835 266 aot

93 335 231 401 Expendit
242 337 327 386 tacite
340 351 405 385 cura
416 348 508 385 secum
520 335 578 398 ipse
587 332 722 395 volutans,

91 408 131 456 An
143 405 214 454 tanti
226 403 363 471 Carthago
375 403 460 455 foret:
472 404 511 452 sic
525 401 622 452 deinde
635 402 771 467 profatur:
811 432 814 437 ·

91 476 115 526 0
128 474 216 524 dirum
229 475 342 524 exitium
354 471 527 524 mortalibus!
542 469 635 521 onihil
648 487 766 538 unquam

93 545 234 605 Crescere,
244 558 296 593 nee
308 558 421 610 magnas
432 543 538 608 patiens
549 555 697 606 exsurgere
709 541 813 603 laudes,

91 611 211 663 invidia!
224 612 355 663 Euersam
365 614 420 662 iam
428 612 533 677 pridem
540 609 700 660 exscindere
707 610 831 672 Romam,
843 611 893 662 19⁰

91 684 179 748 Atque
192 697 324 749 aequasse
336 682 395 732 solo
408 682 494 747 potui,
505 679 651 730 traducere
663 687 771 744 captam

91 750 229 802 Servitum
240 757 360 818 gentem,
369 750 508 817 Latioque
517 751 658 815 imponere
671 749 754 816 leges.

91 821 164 870 Dum
176 827 295 882 sumtus,
317 821 435 888 dumque
447 828 524 871 arma
534 820 611 879 duci,
633 817 775 885 fessosque
791 834 832 869 se·

569 887 663 938 cundis

89 959 232 1010 Submisso
244 961 333 1010 tirone
343 964 446 1026 negant
457 973 584 1010 recreare
595 958 739 1024 maniplos,

89 1030 216 1096 Dumque
229 1031 312 1080 etiam
320 1030 420 1079 Cerere
431 1034 460 1079 et
472 1031 546 1078 victu
553 1027 830 1079 fraudassecohortes
843 1027 892 1078 195

89 1099 220 1149 Hannoni
229 1099 330 1164 piacet,
342 1098 464 1148 induitur
474 1104 535 1148 tota
546 1097 640 1147 Africa
649 1095 777 1148 ssanunis:

89 1167 185 1218 Pulsat
197 1170 353 1235 Agenoreas
364 1165 501 1218 Rhoeteia
511 1167 608 1216 lancea
617 1173 721 1232 portas.

90 1237 168 1287 Nunc
184 1239 290 1304 patriae
307 1237 406 1294 decus,
428 1242 457 1288 et
477 1237 583 1303 patriae
606 1251 676 1285 nunc
694 1235 831 1286 Hannibal

516 1332 519 1337 ·
567 1322 636 1356 unus

89 1374 259 1427 Subsidium:
272 1393 343 1428 nunc
355 1378 381 1428 in
394 1384 490 1429 nostra
500 1391 562 1444 spes
574 1376 669 1427 ultima
680 1375 784 1426 dextra.

89 1446 240 1497 Vertentur
251 1449 338 1514 signa,
349 1454 380 1498 ut
391 1449 488 1499 Patres
501 1453 636 1509 statuere3
650 1446 783 1512 simulque
842 1445 895 1494 200

87 1517 125 1566 Et
138 1517 242 1579 patriae
254 1531 355 1578 muros,
366 1523 393 1566 et
404 1524 432 1567 te
444 1517 621 1578 servabimus,
634 1517 759 1566 Hannon.

89 1586 169 1634 Haec
180 1583 226 1631 ubi
238 1584 370 1645 detonuit,
384 1586 471 1637 celsas
482 1600 497 1635 e
508 1585 589 1634 litore
600 1600 705 1651 puppes

90 1650 244 1716 Propeliit,
270 1653 438 1719 multumque
460 1667 571 1719 gemens
597 1660 689 1703 movet
711 1667 830 1719 aequore

568 1721 692 1771 classem.

90 1789 152 1840 Non
163 1798 242 1855 terga
254 1793 297 1838 est
307 1803 388 1839 ausus
395 1789 538 1840 cedentum
544 1789 672 1839 invadere
679 1791 829 1857 quisquam,

89 1859 152 1910 Non
161 1873 294 1908 revocare
306 1859 405 1908 virum:
422 1860 513 1909 cuncti
523 1864 663 1923 praestare
676 1859 811 1922 videntur,
840 1861 890 1911 205

90 1928 171 1991 Quod
190 1935 288 1994 sponte
305 1928 450 1990 abscedat,
474 1925 585 1994 Superi,
607 1928 771 1995 tandemque
789 1944 830 1981 re·

567 1999 655 2049 solvat

92 2070 246 2120 Ausoniam.
276 2069 381 2121 Ventos
394 2072 503 2134 optant:
516 2073 544 2118 et
553 2068 636 2119 litora
646 2068 679 2118 ab
689 2066 769 2119 hoste

91 2138 171 2190 Nuda
181 2138 274 2189 ridere
286 2145 330 2190 sat
341 2143 390 2188 est.
422 2139 476 2188 Ceu
493 2136 602 2188 flamina
613 2138 830 2206 comprimibdu·

567 2215 624 2259 ster

89 2280 157 2330 Cum
169 2278 237 2340 iera,
250 2284 278 2329 et
290 2278 442 2329 abscedens
453 2277 635 2341 redditmare,
646 2280 828 2345 navitapareo

88 2349 199 2399 Interea
211 2354 276 2398 voto
287 2364 341 2399 non
353 2363 434 2399 auras
444 2350 535 2415 poscit
545 2350 657 2409 amicas,
841 2349 890 2398 ato

89 2420 242 2469 Contentus
255 2421 375 2469 caruisse
386 2417 470 2478 Noto,
483 2433 636 2484 pacemque
649 2418 768 2485 quietam

87 2488 143 2538 Pro
156 2487 231 2538 facili
243 2480 324 2539 'cursu
334 2493 446 2554 reputat
456 2488 528 2539 salis.
559 2488 653 2538 Omnis
665 2488 693 2536 in
706 2486 789 2536 altum

89 2556 217 2608 Sidonius
228 2558 301 2609 visus
313 2564 488 2609 converterat
499 2557 620 2624 undique
627 2557 729 2619 mites,

84 2627 195 2676 Ductor
205 2627 312 2682 defixos
325 2630 398 2683 itala
409 2630 514 2684 teiiure
524 2628 648 2682 tenebat

75 2694 204 2746 Intentus
216 2698 319 2767 vultus,
333 2712 555 2774 manantesque
567 2695 792 2767 crassescunt·

69 2762 127 2813 Per
139 2766 258 2820 tacitum
272 2772 433 2847 lacrimae,
447 2785 480 2834 et
492 2773 636 2847 suspiria
643 2765 764 2821 erema
773 2747 891 2800 ww·

894 2665 951 2712 “iffi
