1920 2962
208 208 461 262 PUNlCORUM
488 209 568 262 ΗΒ.
593 210 653 262 XV.
757 210 807 262 311

67 328 216 397 Nigrantes
226 328 329 378 invexit
340 341 434 394 equos,
446 331 586 396 suasitque
596 331 724 396 quietem.
818 330 868 381 ast

66 395 219 451 Hemathio
229 398 335 446 interca
346 396 428 447 tellus
438 396 536 448 Aetola
546 398 664 447 tumultu

66 467 215 526 Fervebat,
228 467 368 516 Macetum
379 466 475 517 subitis
487 466 614 532 perculsa
627 468 734 518 carinis.

68 537 218 587 Proximus
229 533 292 585 hinc
302 533 377 586 hosti
388 534 500 585 dextras
509 535 642 602 iungebat
652 538 786 588 Acarnan.
843 565 849 578 ι

69 607 161 656 Causa
171 605 234 655 novi
244 610 344 665 motus,
356 604 457 654 Poenis
467 606 580 672 regique
592 602 718 671 Philippo

67 676 100 725 ln
110 674 211 724 bellum
221 675 370 724 Ausonium
381 675 503 724 sociatae
514 672 626 724 foedere
637 676 717 726 sires.
821 675 870 725 290

68 744 134 805 llic,
145 748 226 810 gente
237 743 372 811 egregius,
384 743 539 809 veterisque
551 743 584 792 ab
598 744 703 809 origine
716 747 793 812 regni

69 813 217 865 Aeacidum
227 813 342 878 sceptris
354 825 512 877 proauoque
523 810 766 864 tumebatnlchille.

68 884 117 933 llle
130 888 157 932 et
168 884 309 932 nocturnis
320 881 472 931 conterruit
484 881 585 931 Oricon
598 883 695 931 armis:

71 953 187 1019 Quaque
199 966 248 1018 per
258 951 398 1016 Illyricum
411 950 572 1000 Taulantius
582 949 674 1001 incola
683 950 747 1000 litus

69 1023 194 1088 Exiguos
205 1019 313 1071 habitat
323 1035 377 1070 nou
389 1019 444 1070 ullo
455 1021 563 1070 nomine
575 1035 677 1081 muros,
820 1019 870 1069 295

70 1090 208 1141 Turbidus
219 1089 333 1139 incessit
341 1088 412 1138 telis.
441 1088 488 1138 llle
500 1104 619 1155 aequore
630 1094 733 1149 vectus,

68 1159 149 1210 Nunc
161 1165 189 1208 et
199 1156 356 1208 Phaeacum
368 1158 569 1223 Tesprotiaquc
581 1172 647 1207 arra
657 1157 805 1220 lacessens,

68 1230 184 1296 Epirum
196 1227 279 1276 cassis
290 1225 424 1276 lustrabat
434 1224 519 1276 futilis
531 1227 617 1276 ausis:

68 1298 148 1349 Nunc
161 1301 189 1346 et
200 1296 347 1346 Anactoria
357 1296 435 1362 signa
445 1296 593 1346 ostentavit
604 1296 632 1346 in
645 1311 702 1358 ora,

10 1384 17 1395 ·
68 1367 281 1432 Ambraciosque
292 1366 366 1416 sinus
378 1365 542 1433 Pellacaque
552 1365 634 1417 litora
645 1366 716 1417 bello
819 1367 869 1418 sod
898 1416 907 1430 ,

68 1435 194 1501 Perfudit
205 1435 310 1501 rapido.
340 1435 450 1502 Pepulit
460 1435 533 1486 vada
543 1434 649 1486 fervida
660 1436 742 1486 remis

68 1506 223 1566 Leucatae,
234 1511 262 1554 et
272 1503 378 1554 Phoebi
387 1505 456 1555 vidit
467 1505 536 1555 citus
547 1506 625 1555 Actia
637 1505 746 1571 templa.

68 1575 126 1627 Nec
137 1581 234 1641 portus
245 1571 367 1632 ithacae,
380 1573 494 1622 Laertia
504 1587 597 1640 regna,
609 1571 763 1640 Samenque

70 1645 163 1713 [liquit
172 1638 503 1706 inaccessamlluctuque
513 1643 640 1691 sonantia
650 1657 719 1690 cano

70 1713 143 1766 Saxa
154 1708 361 1777 Cephallenum,
371 1714 399 1758 et
409 1708 563 1774 scopulosis
573 1708 688 1758 Neriton
701 1710 781 1759 arvis.
818 1710 868 1760 305

68 1785 116 1835 ille
126 1783 219 1842 etiam,
233 1779 343 1846 Pelopis
354 1776 434 1828 sedes
447 1783 474 1827 et
486 1773 590 1826 Achaia
601 1777 677 1828 adire

68 1853 179 1905 Moenia
190 1848 388 1917 praegaudens,
400 1847 507 1897 tristem
518 1845 661 1912 Calydona
671 1847 785 1908 Dianae,

68 1925 231 1988 Oeneasque
243 1920 348 1981 domos,
361 1917 489 1969 Curetica
500 1921 584 1979 tecta,
597 1915 714 1979 subibat,

68 1993 235 2044 Promittens
247 1994 344 2040 contra
355 1988 518 2054 Hesperiam
530 2002 580 2037 sua
591 1987 697 2053 proelia
709 1986 807 2037 Graiis.

69 2063 140 2113 lum
148 2060 267 2112 lustrata
277 2057 405 2126 Ephyre,
419 2058 589 2124 Patraeque,
602 2062 631 2107 et
642 2058 719 2124 regia
729 2057 808 2108 Pleu-

404 2153 407 2156 ·
544 2142 603 2188 ron,
817 2127 868 2176 olo

67 2203 259 2267 Parnasusque
269 2199 374 2264 biceps,
386 2196 553 2264 Phoeboque
564 2197 706 2264 loquentia
717 2210 792 2247 saxa.

64 2275 113 2335 dc,
126 2285 209 2336 saepe
221 2270 256 2320 ad
266 2270 373 2337 patrios
381 2268 454 2319 bello
464 2272 613 2319 revocante
626 2272 749 2333 penates,

67 2345 134 2394 Cum
147 2339 231 2390 modo
242 2337 412 2390 Sarmaticus
423 2352 507 2404 regna
516 2335 663 2386 infestaret
675 2336 797 2397 Orestes,

64 2416 173 2477 Aspera
183 2425 254 2459 nunc
264 2408 403 2473 Dolopum
413 2407 454 2456 vis
465 2404 632 2459 exundasset
641 2406 669 2453 in
681 2418 771 2470 agros,

64 2483 183 2546 lncepto
193 2484 286 2529 tamen
296 2475 370 2528 haud
382 2474 470 2525 facilis
482 2474 615 2524 desistere
626 2487 707 2535 runo,
818 2473 867 2524 315

63 2549 137 2604 Bclli
148 2563 197 2614 per
208 2547 306 2599 Graias
316 2544 440 2596 umbram
453 2541 620 2593 circumtulit
630 2556 706 2593 cras.

62 2621 171 2678 Donec,
184 2632 256 2667 nunc
265 2615 376 2686 pelago,
389 2629 464 2667 nunc
473 2620 555 2667 torra
564 2617 684 2674 exutus,
693 2610 795 2662 omisit
827 2672 835 2683 .

51 2687 139 2750 Spem
145 2686 269 2750 vastom
279 2688 310 2738 in
318 2688 427 2756 Tyriis,
441 2693 475 2741 et
483 2685 613 2757 supplex
620 2673 863 2736 incommune

39 2751 187 2812 Dardana,
200 2755 365 2827 neclegens
379 2758 480 2834 regne)
492 2760 658 2831 accepim
665 2747 802 2814 tehoghb·

69 2816 203 2872 Sraws
223 2825 239 2876 1
245 2837 331 2881 ran.
737 2815 781 2867 Ἒ.
