1920 2962
180 164 231 215 tro
377 164 405 214 C.
435 162 539 215 SlLll
569 163 735 216 lTALlCl

178 284 240 335 Non
252 280 407 349 Prochyte,
418 300 472 335 non
485 285 625 336 ardentem
634 287 734 336 sortita
744 282 888 354 Typhoea

179 354 311 414 Inarime,
322 368 376 403 non
390 355 492 422 antiqui
504 369 605 405 saxosa
616 354 729 405 Telonis

180 423 284 486 lnsula,
296 438 346 473 nec
357 425 447 490 parvis
460 423 555 475 aberat
567 424 672 474 Calatia
682 424 782 487 muris3

120 493 170 544 545
181 492 355 555 Surrentum,
368 498 396 543 et
406 508 510 560 pauper
520 493 588 545 sulci
600 492 714 543 cerealis
724 492 837 545 Abella:

181 565 210 614 ln
222 564 314 630 primis
327 563 434 629 Capua,
446 560 512 613 beu!
524 561 604 612 rebus
614 576 724 611 serrare
736 564 845 614 serenis

180 631 338 683 Inconsulta
346 631 466 691 modum,
478 636 506 681 et
517 645 601 699 pravo
612 631 736 696 peritura
747 637 867 683 tumore.

180 703 284 753 Laetos
295 703 410 751 rectoris
421 699 559 751 formabat
570 698 661 765 Scipio
672 699 755 751 bello.

181 772 228 822 llle
238 772 303 821 viris
314 770 382 837 pila,
394 775 422 820 et
432 768 506 820 terro
518 768 686 820 circumdare
697 775 795 835 pectus

119 842 171 891 550
182 841 344 903 Addiderat3
355 840 458 889 leviora
470 838 551 889 domo
563 839 683 889 demone
695 846 841 904 parentum

183 910 336 961 Gestabant
346 908 414 969 tela,
427 909 564 958 ambustas
576 909 632 958 sinc
644 906 757 974 cuspide
768 922 881 959 coruos:

180 979 291 1043 Aclydis
303 992 367 1027 usus
380 982 453 1037 erat,
465 973 610 1042 factaeque
623 977 657 1026 ad
667 990 733 1027 rura
742 976 881 1043 bipennes.

181 1050 242 1114 lpse
252 1048 325 1097 inter
334 1043 440 1094 medios
451 1050 582 1094 venturae
592 1046 714 1112 ingentia
724 1044 816 1097 laudis

181 1116 265 1185 Signa
276 1115 372 1176 (labat,
383 1112 490 1164 vibrare
502 1113 611 1176 sudem,
623 1114 778 1166 tramittere
785 1114 858 1167 saltu

119 1188 170 1237 555
182 1186 303 1238 Murales
314 1184 416 1245 fossas,
427 1182 561 1234 undosum
573 1182 699 1251 frangero
712 1184 804 1236 nando

182 1256 294 1305 lndutus
304 1251 421 1304 thoraca
430 1252 543 1302 vadum:
555 1269 567 1303 s
588 1252 712 1304 ectacula
723 1260 805 1305 tanta

180 1326 249 1374 Ante
261 1325 334 1373 acies
345 1322 453 1371 virtutis
465 1327 552 1372 erant.
569 1269 661 1391 l§saepe
672 1322 737 1374 alite
747 1322 844 1391 planta

180 1392 231 1443 llia
243 1391 411 1457 perfossum,
424 1392 548 1456 etcompi
559 1407 609 1458 per
619 1397 715 1459 aperta
724 1393 861 1446 volantem

181 1462 241 1529 lpse
253 1459 335 1528 pedes
347 1460 497 1527 praevertit
507 1475 617 1528 equum:
629 1477 712 1528 saepe
725 1462 828 1515 arduus
837 1463 900 1515 idom

118 1531 170 1582 500
183 1534 340 1581 Castrorum
352 1529 470 1595 spatium
482 1536 510 1580 et
521 1545 587 1581 saxo
600 1532 717 1581 tramisit
728 1539 757 1583 et
767 1530 861 1584 basta:

179 1601 282 1651 Martia
293 1598 382 1661 frons,
398 1598 547 1666 facilesque
561 1615 670 1661 comae,
685 1616 736 1651 nco
748 1616 821 1668 pone
832 1606 908 1653 retro·

655 1683 708 1736 quc

181 1741 322 1793 Caesaries
331 1739 453 1790 breuior:
465 1736 619 1805 flagrabant
629 1738 730 1788 lumina
740 1740 798 1789 miti

180 1813 215 1862 :ls
236 1817 312 1873 ectu,
324 1816 472 1877 gratusque
483 1809 572 1857 inerat
581 1806 729 1857 sisentibus
741 1805 849 1859 horror.

180 1883 200 1931 11
241 1882 263 1932 it
274 1886 302 1931 et
313 1878 432 1938 Samnis,
443 1876 563 1926 nondum
574 1880 703 1944 vergente
715 1875 811 1927 sorore

119 1948 170 1999 565
181 1951 221 2000 Ad
233 1950 356 2010 Poenos;
367 1946 415 1996 sed
426 1961 476 1996 nec
487 1946 574 1995 reteri
585 1950 717 2011 purgatus
730 1946 764 1995 ab
776 1946 829 1997 ira.

181 2019 234 2079 Qui
244 2013 385 2075 Batulum,
401 2012 561 2081 Nucrasque
576 2019 693 2075 metunt,
711 2015 847 2067 Bouiania
862 2014 911 2084 qui·

672 2098 706 2133 uc

178 2153 329 2219 Exagitant
338 2151 437 2214 lustra,
450 2157 498 2202 aut
509 2152 635 2203 Caudinis
647 2099 773 2206 lbucibus
784 2152 902 2213 haerent,

179 2225 217 2275 Et
228 2235 296 2288 quos
310 2226 357 2270 aut
369 2221 480 2282 Rufrae,
493 2236 560 2288 quos
573 2227 621 2272 aut
631 2223 776 2287 15551515,
789 2238 889 2292 quosve

180 2292 305 2343 Obscura
315 2290 424 2339 incultis
434 2290 577 2341 Herdonia
586 2292 659 2342 misit
671 2292 705 2342 ab
717 2295 798 2361 agris.

118 2362 170 2412 510
182 2360 305 2413 Bruttius
316 2356 387 2408 baud
399 2358 491 2423 dispar
503 2361 662 2422 animorum,
672 2378 781 2430 unaque
792 2364 911 2415 iuventus

178 2430 299 2482 Lucanis
311 2429 402 2479 excita
411 2428 495 2494 iugis,
507 2429 676 2498 Hirpinaque
688 2432 776 2498 pubes

177 2498 320 2550 Horrebat
329 2496 404 2558 telis,
416 2502 444 2548 et
454 2502 532 2565 tergo
545 2497 650 2550 hirsuta
661 2498 791 2554 ferarum.

171 2570 237 2621 Hos
248 2572 364 2618 renatus
376 2566 432 2620 alit.
450 2567 555 2619 Lustra
562 2568 719 2631 incoluere,
729 2573 856 2639 sitimque

160 2642 308 2693 Avertunt
319 2637 416 2707 lluiio,
428 2641 578 2708 somnique
584 2636 685 2687 labore
691 2646 836 2701 parantum

80 2703 284 2769 575Additnr
296 2711 340 2769 bis
354 2715 500 2777 Calaber,
510 2706 745 2769 Sallentinaeque
754 2702 898 2763 mm
916 2712 924 2723 '
