1920 2962
183 159 437 213 PUNICORUM
464 161 547 215 LlB.
570 161 645 215 vlll.
664 208 665 212 ,
687 226 690 231 Ι
742 163 793 216 169

53 279 240 350 spondentem
261 280 363 344 audivi,
380 282 481 349 (piget,
501 279 568 333 heul
589 284 736 352 taedetque
752 299 793 336 se-

529 357 636 415 nectae,
802 351 854 404 305

53 418 98 484 Si,
110 435 179 488 quas
189 421 341 487 prospicio,
353 426 440 471 restat
448 435 564 487 passura
573 422 690 486 ruinasl)

56 493 124 542 Cum
136 490 205 540 duce
217 495 273 540 tam
284 488 368 540 fausti
378 490 489 553 Martis,
502 506 556 559 qua
564 491 663 543 viderit
673 490 750 555 hora,

55 558 214 612 Sumturum
230 574 358 627 pugnam,
384 560 521 621 Quantum
534 575 619 622 nune,
633 560 741 625 Paulle,
752 578 795 612 su·

550 644 627 680 remo

57 699 191 749 Absumus
202 699 286 748 exitio
293 735 301 760 ,
313 713 410 749 vocem
420 695 491 748 hane
500 699 524 749 si
532 645 654 750 ldousulis
665 697 764 749 ardens

54 766 165 819 Audivit
176 765 297 817 Poenus!
311 767 368 817 lam
379 767 442 817 latis
454 768 534 817 obvia
544 768 627 819 credo
806 767 857 816 aro

55 835 120 889 Stat
132 837 234 903 eampis
246 837 334 899 acies,
347 841 576 904 exspectaturque
587 837 637 888 sub
647 838 705 888 ictu

56 906 134 958 Alter
145 906 301 957 Flaminius.
323 907 455 968 Quantus,
466 907 570 968 insane,
582 907 666 957 ciebis

57 976 150 1028 Varro
161 975 247 1026 viros!
259 976 316 1036 Tu,
328 978 390 1041 (pro
403 973 500 1041 Superi
507 973 526 1039 l)
537 981 566 1026 tu
574 978 697 1042 protinus
704 973 797 1026 armai

56 1047 101 1096 Tu
114 1060 240 1111 campum
251 1060 349 1095 noscas
361 1051 425 1094 ante
432 1081 440 1108 ‚
452 1045 632 1112 exploresque
644 1043 779 1096 trahendo

57 1117 197 1178 Quantum
203 1111 276 1165 hosti
287 1115 382 1164 vietus.
395 1115 438 1164 Tu
447 1129 511 1175 non,
523 1129 593 1181 quae
605 1116 686 1181 eopia
695 1129 795 1176 rerum,
808 1112 858 1162 315

58 1186 137 1247 Quae
148 1189 247 1234 natura
258 1182 326 1245 loci,
338 1182 410 1250 quod
420 1184 470 1246 sit,
480 1183 614 1234 rimabere
626 1183 731 1246 sollers,

55 1257 201 1306 Armorum
212 1249 314 1320 genusl
333 1258 361 1303 ot
372 1257 490 1303 stantem
500 1267 583 1318 super
593 1254 684 1304 omnia
694 1253 750 1304 tela

55 1325 209 1375 Fortunam
220 1322 336 1388 aspicies
346 1319 358 1370 l
368 1322 422 1372 Fer
429 1358 437 1385 ‚
448 1322 557 1384 Paullo,
566 1323 594 1372 in
606 1323 686 1373 devia
695 1324 766 1373 recti

55 1394 191 1444 Pectora:
203 1406 264 1454 eur,
276 1392 323 1441 uni
332 1393 449 1457 patriam
461 1393 483 1442 si
495 1390 616 1459 allligere
627 1391 669 1442 fas
680 1398 731 1455 est,

56 1463 109 1515 Uni
121 1462 157 1512 sit
170 1475 279 1512 servare
289 1458 383 1512 neiasl
394 1461 467 1528 Eget
475 1461 616 1527 improbus
627 1467 687 1512 arto
805 1460 857 1510 320

57 1534 116 1584 lam
127 1530 203 1581 rictu
212 1529 313 1594 Libys,
325 1534 366 1592 et,
377 1530 441 1581 belli
452 1529 561 1581 fervore
571 1537 675 1592 retuso,

57 1601 140 1653 baxa
157 1599 226 1650 fides
242 1600 347 1649 socium
369 1605 418 1650 est.
444 1598 505 1650 Non
527 1597 570 1650 hie
582 1601 679 1652 domus
690 1597 800 1666 hospita

243 1689 246 1694 ·
536 1675 611 1721 teoto

58 1740 161 1792 lnritat
172 1739 275 1805 patrio,
287 1751 341 1787 non
353 1737 425 1788 fidae
438 1737 580 1787 moenibus
591 1738 672 1787 urbes

56 1808 221 1875 Excipiunt,
233 1811 399 1872 renovatque
410 1806 469 1871 pari
479 1819 508 1854 se
524 1805 594 1871 pube
604 1807 738 1855 iuventus.

58 1879 158 1930 Tertia
169 1877 214 1928 rix
226 1881 366 1942 superest,
379 1874 463 1925 crudo
476 1889 545 1940 quae
557 1875 631 1925 venit
640 1874 753 1935 Hibero,
809 1872 860 1922 325

58 1947 156 1999 Turba
166 1946 262 1997 urum.
281 1943 393 2006 Persta‚
406 1950 434 1995 et
445 1944 511 1994 lenti
522 1943 699 1995 meditamina
709 1943 772 1995 belli

58 2019 163 2069 casseu
173 2030 244 2066 ama.
263 2012 292 2064 Si
304 2030 358 2082 qua
366 2015 472 2065 interea
482 2015 638 2065 invitaverit
649 2029 724 2077 aura,

56 2085 243 2152 Annueritque
255 2083 343 2147 Deus,
356 2084 436 2136 velox
447 2084 549 2135 aceede
559 2085 693 2135 secundis.

58 2156 108 2208 Cui
118 2156 240 2206 breviter
251 2159 357 2204 maesto
369 2154 468 2205 Consul
478 2155 518 2204 sie
530 2168 577 2204 ore
588 2155 719 2205 vicissim:

57 2225 170 2278 Mecum
182 2224 235 2275 erit
249 2221 319 2272 haee
333 2237 444 2288 prorsus
455 2225 559 2290 pietas,
577 2231 750 2291 mentemque
760 2222 799 2274 fe·
809 2289 862 2340 33⁰

496 2307 586 2344 remus

57 2363 89 2415 ln
100 2362 226 2422 Poenos,
238 2361 354 2422 invicte,
368 2367 449 2412 tuam.
469 2361 529 2412 Neo
540 2376 584 2412 me
595 2361 676 2411 unica
687 2357 757 2408 fallit

59 2429 212 2484 Cunctandi
226 2430 312 2493 ratio,
325 2444 392 2497 qua,
404 2435 432 2480 te
442 2436 601 2498 grassante,
612 2443 757 2479 senescens

58 2499 199 2552 Hannibal
210 2513 371 2565 oppressum
382 2499 449 2550 vidit
460 2499 603 2551 considere
612 2496 721 2548 bellum.

61 2568 116 2622 Sed
127 2583 262 2638 quaenam
271 2570 314 2620 ira
323 2566 431 2621 Deuml
449 2567 555 2622 Consul
563 2568 651 2622 datus
659 2566 733 2618 alter
743 2564 824 2628 ‚uqs-

44 2707 185 2757 Ᾱῧθθῡῑᾶθ
196 2711 254 2771 W,
268 2710 344 2764 alter
354 2713 479 2769 Poenis.
497 2657 736 2768 Trdldddouxdxn
745 2669 940 2751 seeums‘ss'
