1920 2962
182 156 232 206 120
375 154 404 204 G.
434 150 536 204 SlLll
565 150 726 203 lTALlCl

179 267 931 352 llicstudiolaticum,quorumesthaudprodigatellus,

119 343 169 396 145
181 344 235 393 Per
245 344 319 408 ripas
328 340 393 391 laeti
403 354 491 391 saems
503 339 674 390 consedimus
686 342 768 392 arvis.

178 412 271 463 Lucus
282 412 355 460 iners
364 410 443 460 iuxta
453 406 578 476 Stygium
591 408 755 474 pallentibus
765 412 879 465 umbris

107 514 112 520 ·
179 480 314 533 Servabat
326 480 384 530 sine
394 477 453 529 sole
462 493 570 539 nemus,
583 491 745 545 crassusque
757 494 813 546 per
824 496 908 535 auras

177 550 287 603 Halitus
299 562 443 615 erumpens
453 552 572 598 taetrum
583 545 742 613 exspirabat
753 549 884 603 odorem.

178 621 255 671 lntus
266 619 325 669 dira
336 618 446 680 domus,
460 630 597 682 curvoque
608 617 734 667 immanis
742 619 771 668 io
784 626 870 673 anuo

119 689 169 740 150
182 688 237 740 Sub
250 694 338 739 terras
349 702 463 754 specus,
474 690 503 736 et
513 686 606 736 tristes
615 685 673 735 sine
682 684 745 736 luce
758 689 903 741 tenebrae.

178 759 287 809 Horror
300 761 391 807 mente
403 755 482 806 redit.
510 755 663 806 Monstrum
674 754 819 809 exitiabile
835 764 865 811 et
878 760 918 809 ira

178 827 295 879 Telluris
306 827 435 894 genitum,
446 826 489 876 cui
501 839 550 891 par
560 825 604 873 vix
615 823 723 873 viderat
733 831 815 877 aetas

178 897 344 957 Hilarinum,
357 909 469 960 serpens
481 898 589 944 centum
600 898 745 958 porrectus
755 894 786 944 in
796 895 877 947 ulnas

177 965 302 1016 Letalem
314 966 401 1028 ripam
414 969 441 1013 et
452 962 530 1012 lucos
540 960 682 1011 habitabat
692 963 827 1016 Arcanos.

118 1035 166 1085 155
178 1032 327 1101 ingluviem
337 1032 461 1081 immensi
471 1031 573 1081 ventris
590 1030 788 1100 grauidamque
805 1034 914 1087 veneris

176 1102 271 1154 Alvum
283 1101 407 1167 deprensi
421 1100 559 1150 satiabant
568 1099 644 1150 fonte
654 1099 759 1165 leones,

177 1174 231 1223 Aut
240 1176 304 1222 acta
314 1170 348 1222 ad
361 1168 471 1220 lluvium
482 1170 599 1220 torrenti
609 1169 735 1236 lampade
753 1171 822 1223 colis

176 1243 315 1304 Armenta,
327 1245 355 1290 ct
365 1244 471 1290 tractae
481 1236 564 1289 foeda
575 1239 711 1307 gravitate
721 1252 771 1306 per
782 1256 866 1295 armas
952 1280 954 1287 .

177 1312 215 1361 Ac
226 1310 290 1360 tabe
302 1308 410 1359 afflatus
422 1308 556 1359 volucres.
586 1306 699 1359 Semesa
707 1309 840 1362 iacebant

118 1379 168 1430 too
180 1381 251 1430 Ossa
260 1378 321 1428 solo
331 1375 455 1426 informi:
474 1375 583 1443 lateque
594 1377 715 1444 repletus
726 1384 754 1429 et
765 1394 849 1447 asper
951 1380 954 1435 Ξ

177 1448 300 1498 Vastatis
312 1444 441 1513 gregibus
453 1447 531 1513 nigro
542 1446 670 1496 ructabat
680 1448 709 1496 in
721 1452 812 1499 antro.

176 1518 256 1584 Isque
268 1516 313 1566 ubi
325 1515 441 1566 ferventi
453 1520 587 1582 concepta
596 1516 723 1566 incendia
733 1523 816 1583 pastu

179 1585 237 1636 Gur
247 1587 294 1635 ‘'te
305 1584 443 1635 mulcebat
454 1584 550 1651 rapido
562 1590 590 1635 et
600 1585 790 1652 spumantibus
799 1588 886 1649 undis,

177 1654 239 1706 Non
260 1671 305 1705 um
317 1655 399 1705 etiam
410 1659 471 1705 toto
485 1654 626 1705 demersus
641 1670 758 1721 corpore
769 1657 798 1706 in
809 1670 909 1709 omnmo

64 1781 67 1785 ,
118 1724 168 1775 165
179 1726 237 1776 lam
249 1740 283 1775 ca
301 1730 332 1776 ut
343 1724 473 1775 adversae
484 1724 604 1791 ponebat
613 1726 735 1792 margine
746 1727 833 1792 ripae.

179 1797 271 1862 lmpru
292 1812 339 1846 ens
352 1800 445 1846 tantae
456 1794 541 1860 pestis
551 1793 705 1860 gradiebar,
717 1796 825 1861 Aquino

177 1865 373 1931 Apenninicola
384 1870 466 1932 atque
479 1863 581 1914 Umbro
593 1865 741 1914 comitatus
753 1866 871 1917 Avensa:

178 1933 255 1985 Scire
266 1950 375 1996 nemus,
387 1948 537 2001 pacemque
548 1932 603 1983 loci
614 1932 758 1998 explorare
769 1933 880 1986 libebat.

178 2004 290 2069 lamquc
298 2002 527 2069 propinquantum
533 2003 634 2052 tacitus
640 2004 795 2068 penetravit
800 2006 829 2054 in
840 2010 910 2055 artas

119 2073 167 2120 *lto
181 2071 298 2131 Horror,
309 2076 337 2120 et
348 2071 456 2120 occulto
468 2071 609 2138 riguerunt
619 2071 722 2138 frigore
731 2073 863 2124 membra.
952 2080 954 2141 ξ

176 2138 912 2209 lntramustamcn,etNymphasnumenqueprecnmar
952 2154 954 2159 ·

180 2209 302 2275 Gurgitis
312 2210 407 2275 ignoti,
417 2210 594 2277 trepidosque
605 2216 632 2261 et
643 2210 729 2261 multa
738 2218 871 2277 paventes

178 2281 283 2329 Arcano
295 2293 404 2344 gressus
416 2278 547 2330 audemus
559 2280 671 2331 credere
682 2280 754 2330 luco.

177 2348 251 2398 licce
262 2362 277 2397 e
287 2346 420 2397 vestibulo
433 2348 581 2416 primisque
592 2365 607 2400 e
618 2349 744 2400 saucibus
755 2352 828 2401 antri

116 2417 164 2466 115
177 2418 327 2467 'l‘artareus
338 2416 419 2466 turbo
432 2423 514 2484 atque
524 2419 620 2470 insano
632 2420 740 2470 sanctior
750 2420 828 2470 Euro

176 2486 292 2552 Spiritus
304 2487 429 2551 erumpit,
440 2493 573 2554 vastoque
584 2494 719 2557 egutture
730 2486 794 2540 fusa

177 2558 340 2620 'l'enrpcstas
353 2556 447 2617 oritur,
461 2558 574 2607 mixtam
584 2558 702 2609 stridore
713 2558 863 2625 procellam

175 2624 312 2675 Cerbereo
324 2626 491 2695 intorquens.
520 2624 662 2677 Pavefacti
673 2628 751 2679 clade
762 2628 885 2679 vicissim

160 2697 323 2767 Aspicimus
336 2714 473 2753 resonare
484 2695 729 2758 solum‚tellusoue
736 2698 854 2755 moneri,
