1920 2962
236 173 491 229 Punicorum
518 175 599 228 [ΑΒ.
624 175 686 230 xli.
751 228 752 232 ,
782 177 834 231 251

93 295 247 349 Attonitum
257 297 379 346 novitate
389 295 454 347 mali
463 294 565 363 fugisse
575 303 717 363 parentem

93 364 148 415 Per
159 363 232 416 freta
242 366 404 428 Aristaeum,
416 370 444 415 et
456 363 576 416 Sardoos
587 368 642 417 isse
652 381 790 418 recessus:

93 434 219 500 Cyrenen
230 440 397 486 monstrasse
408 433 498 486 ferunt
510 449 581 485 nova
592 435 675 486 litora
684 441 807 487 matrem.

93 499 258 569 Serpentum
270 503 350 555 tellus
360 519 439 570 pura,
451 503 607 555 assiduata
619 505 744 567 venenis3
841 505 893 559 810

93 568 148 622 Sed
160 574 247 624 tristis
259 573 348 635 coelo,
362 579 390 625 et
400 573 486 625 multa
497 574 594 624 vitiata
604 572 712 641 palude.

94 642 156 703 Qua
168 641 243 693 ridet
251 642 368 703 ltaliam,
380 657 481 694 saxoso
491 642 598 694 torrido
608 643 691 694 dorso

91 711 215 762 Exercet
224 713 343 779 scopulis
353 713 408 764 late
419 711 500 774 frete,
512 711 666 779 pallidaque
675 713 748 763 intus

91 782 164 830 Arra
174 783 267 848 coquit
277 783 397 844 nimium,
411 783 515 832 Cancro
527 780 693 832 firmantibus
704 781 818 832 Austris.

92 851 193 901 Cetera
203 865 356 917 propensae
367 851 474 902 Cereris
484 852 588 901 nutrita
598 850 701 901 favore.
842 849 892 902 315

90 919 155 969 Hoc
166 917 261 970 habitu
271 925 362 971 terrae
373 935 523 971 nemoroso
533 935 582 986 per
592 921 666 971 invio
675 919 773 970 erebro

91 989 264 1056 Torquatum
276 989 388 1041 eludens
398 987 495 1052 hostis,
507 987 620 1040 Sidonio
630 1004 738 1056 pugnae

91 1057 162 1108 Tela
173 1058 365 1124 exspectabat,
377 1061 523 1125 sociosque
533 1059 637 1110 laboris
647 1060 776 1110 Hiberos.

91 1127 146 1189 Qui
156 1132 303 1192 postquam
315 1127 436 1192 appulsis
447 1129 552 1178 animos
564 1142 665 1178 auxere
679 1128 794 1189 earinis3

87 1196 175 1248 Haud
186 1209 273 1256 mora,
285 1197 439 1262 prorumpit
449 1195 576 1260 latebris3
587 1196 756 1262 adversaque
767 1196 822 1247 late
841 1195 891 1248 380

88 1265 206 1333 Agmina
215 1261 415 1330 inhorrescunt,
426 1266 590 1333 longumque
602 1266 677 1317 coire
688 1264 805 1327 ridetur,

88 1335 126 1386 Et
139 1331 266 1384 conferre
277 1334 400 1401 gradum.
427 1335 521 1387 Media
529 1334 674 1387 intervalla
684 1336 803 1402 petentis

89 1403 247 1469 corripiunt
257 1405 346 1470 campi
356 1406 510 1472 properatis
523 1404 626 1456 emin'us
637 1402 735 1456 hastis:

87 1473 185 1524 Donec
197 1472 232 1524 ad
243 1479 372 1540 expertos
383 1489 471 1536 enses,
482 1475 613 1526 fidissima
625 1475 689 1536 tela,

87 1542 263 1595 Perventum.
302 1542 371 1594 Dira
389 1544 453 1594 inde
472 1544 551 1605 lues,
572 1544 763 1611 caeduntque,
786 1559 829 1594 ca-

565 1612 696 1679 duntque,
839 1613 890 1664 385

87 1681 246 1748 Alternique
258 1681 361 1732 animas
373 1695 454 1731 saevo
466 1681 493 1730 in
505 1695 636 1731 mucrone
648 1681 810 1748 relinquunt.

88 1749 151 1802 Non
171 1750 296 1818 equidem
316 1751 472 1800 innumeras
493 1749 592 1867 caedqs
606 1754 702 1814 totque
718 1746 830 1800 horrida

578 1822 642 1867 acte

87 1886 227 1955 sperarim
238 1892 317 1938 tanto
328 1887 408 1954 digne
420 1901 470 1953 pro
480 1887 590 1937 nomine
601 1901 692 1936 rerum

86 1956 223 2019 Pandere,
234 1972 286 2008 nec
298 1957 378 2007 dictis
389 1956 538 2008 bellantum
552 1971 669 2022 aequare
682 1955 810 2007 calorem.

87 2025 143 2079 Sed
154 2041 213 2088 ros,
226 2026 355 2094 Calliope,
367 2034 461 2077 nostro
475 2025 575 2077 donate
585 2025 682 2087 labori,
838 2025 889 2078 390

85 2094 162 2148 Nota
172 2111 269 2163 perum
278 2098 370 2164 magni
380 2096 462 2163 longo
472 2097 618 2148 tradantur
628 2101 659 2147 ut
670 2111 738 2147 aero

86 2166 175 2218 Facta
185 2166 245 2227 viri,
257 2171 285 2217 et
295 2168 422 2216 meritum
434 2167 491 2216 vati
503 2181 642 2217 sacremus
654 2163 795 2217 honorem.

86 2235 202 2296 Ennius,
214 2235 327 2302 antiqua
337 2236 458 2301 Messapi
469 2236 503 2286 ab
515 2237 619 2304 origine
631 2237 713 2303 regis,

85 2303 226 2356 Miscebat
237 2306 339 2370 primas
351 2305 433 2367 acies,
445 2304 599 2372 Latiaeque
611 2304 758 2372 superbum

85 2374 160 2426 Vitis
172 2373 326 2426 adornabat
337 2374 462 2425 dextram
472 2374 569 2426 decus:
585 2373 693 2439 hispida
703 2372 784 2422 tellus
838 2371 888 2424 395

86 2443 225 2495 Miserunt
237 2442 344 2494 Calabri
350 2462 357 2508 3
368 2442 472 2494 Rudiae
483 2457 602 2512 genuere
612 2447 752 2492 vetustae:

86 2511 167 2563 Nunc
179 2513 285 2564 Rudiae
296 2511 355 2564 solo
367 2513 544 2564 memorabile
555 2526 655 2563 nomen
666 2511 784 2562 alumno.

85 2581 112 2633 ls
125 2582 214 2648 prims
222 2583 250 2633 in
258 2599 351 2651 pugna
362 2585 453 2648 (vates
464 2588 496 2636 ut
506 2579 649 2637 Thracius
659 2581 740 2643 olim,

77 2649 211 2700 Infestsm
223 2651 296 2705 bede
309 2661 441 2724 quateret
455 2673 522 2711 cum
532 2657 661 2728 Cyzicus
673 2656 766 2722 argo,

68 2713 184 2780 Spicula
195 2719 330 2788 deposito
343 2726 525 2803 Rhodopeia
538 2732 661 2802 pectino
672 2723 783 2780 tors'xtl
890 2701 947 2751 m
