1920 2962
137 188 187 238 m
326 183 356 234 C.
386 179 492 233 SlLll
519 179 685 231 lTALlCl

136 306 231 372 Terga
239 301 379 354 iuberetur
390 301 482 363 muris,
494 314 527 350 ac
538 300 616 367 signa
626 299 743 363 referre,

137 375 229 425 Tanta
240 371 321 434 mole,
330 371 427 438 inquit,
437 384 493 420 non
503 369 591 419 Roma
600 370 644 431 (ut
654 369 774 420 credidit
783 370 839 437 lpse

140 441 194 494 Sed
210 441 299 496 Varro
323 445 364 491 est
383 441 479 490 rictum
516 437 643 558 Quunap}
661 442 722 488 tam
744 452 839 507 prospe

644 508 713 558 artis

81 582 131 634 335
143 582 258 632 Munera
270 578 395 629 destituis
406 575 475 638 iate,
486 577 658 644 patriamque
669 577 806 629 moraris?

138 651 248 701 Mecum
265 648 384 699 exsultet
398 660 494 714 equesr
517 646 578 696 iuro
594 643 648 694 boe
664 652 764 713 caput,
786 647 839 698 acci

612 728 707 766 muros

139 787 248 850 Iliacus,
259 791 408 854 portasque
418 784 468 835 tibi
480 785 537 834 sine
549 784 640 834 Marte
650 788 788 850 patentes.

140 857 266 924 Dumque
279 855 401 922 eablago
412 853 504 904 fremit
515 858 596 904 cauto
607 867 661 903 non
674 853 839 905 ereditafrat

141 927 199 976 lam
209 924 307 976 Latius
317 938 378 974 sese
389 922 525 974 Canusina
532 923 561 971 in
571 923 680 972 moenia
689 922 770 974 miles

81 996 130 1048 300
145 994 286 1060 Colligere,
299 997 328 1042 et
339 991 469 1058 profugos
479 991 569 1042 vicino
581 992 691 1059 cingere
703 991 785 1056 vallo,

142 1065 286 1129 Coeperat.
314 1061 377 1112 Heu
388 1059 469 1110 rebus
481 1058 567 1111 facies
576 1058 713 1112 inhonora
723 1061 835 1114 sinistris

141 1132 202 1184 Non
214 1131 334 1199 aquilae,
344 1145 400 1181 non
411 1130 489 1199 signa
497 1130 576 1192 viris,
592 1144 649 1180 nun
659 1131 785 1182 Consulis
796 1131 839 1182 altu

143 1202 297 1268 Imperium,
308 1215 363 1252 non
374 1199 505 1250 subnixae
515 1198 613 1249 lictore
623 1213 744 1252 secures.

142 1273 254 1320 Trunca
264 1275 345 1336 atque
358 1283 443 1336 aegra
451 1273 536 1330 metu,
549 1281 600 1318 eeu
608 1282 711 1336 magna
720 1269 839 1321 ellsaruit

82 1339 131 1390 305
146 1341 269 1404 corpora
279 1336 414 1387 debilibus
424 1338 547 1387 nituntur
557 1338 655 1389 sistere
665 1339 804 1391 membris.

143 1407 251 1459 clamor
262 1419 344 1471 saepe
354 1419 462 1472 repens,
474 1411 502 1456 et
512 1421 595 1472 saepe
606 1406 716 1459 silentia
727 1409 788 1460 fixis

142 1478 171 1528 ln
182 1475 307 1526 tellurem
318 1474 413 1538 oculis,
425 1474 515 1525 nudae
526 1475 663 1543 plerisque
673 1478 800 1529 sinistrae

141 1545 251 1596 Detrite
263 1544 376 1612 clypeo:
387 1544 486 1595 desunt
495 1545 664 1613 pugnacibus
674 1561 767 1599 enses:

143 1613 259 1666 Saucius
270 1615 357 1665 omnis
369 1629 464 1683 eques:
481 1614 566 1681 galeis
578 1630 706 1682 carpsere
717 1616 839 1683 superbus

82 1688 132 1737 400
145 1686 294 1736 cristarum
311 1684 409 1748 decus,
427 1689 455 1735 et
465 1683 629 1734 damnarunt
639 1685 738 1736 Martis
754 1685 839 1737 honor<

143 1757 178 1805 At
187 1755 272 1806 multa
284 1753 385 1806 thorax
395 1752 536 1820 perfossus
549 1754 674 1821 cuspide3
691 1760 720 1805 et
730 1754 838 1807 haerens

142 1825 262 1877 Loricae
272 1825 408 1875 interdum
417 1823 559 1873 Maurusia
568 1822 669 1889 pendet
680 1825 793 1876 arundo.

142 1894 282 1945 luterdum
293 1899 400 1944 maesto
411 1894 502 1943 socios
513 1892 632 1943 clamore
644 1896 794 1961 requirunt.

143 1963 198 2012 Hic
211 1961 309 2021 Galba,
320 1959 366 2010 bic
376 1962 451 2024 Piso,
462 1967 498 2024 et,
510 1962 567 2012 leto
578 1978 631 2012 non
643 1963 741 2030 dignus
752 1964 835 2025 inerti,

83 2031 134 2080 405
146 2031 227 2081 Curio
238 2027 385 2094 deflentur3
402 2031 492 2098 gravis
502 2031 558 2081 illic
569 2029 704 2082 Scaevola
714 2034 794 2085 bello.

144 2100 204 2150 Hos
215 2099 329 2165 passim3
341 2104 370 2150 at
381 2099 468 2150 Paulli
480 2101 592 2166 pariter,
604 2116 655 2151 eeu
667 2101 728 2154 dira
738 2101 839 2171 parenti

142 2169 214 2220 Fata
224 2173 344 2234 gemunt.
379 2170 415 2219 Ut
424 2184 491 2219 vera
500 2170 564 2220 mali
575 2173 734 2237 praesentia
746 2182 839 2240 nunqut

143 2237 263 2288 Cessent
275 2250 382 2300 canere,
394 2244 422 2289 et
433 2239 565 2290 Varronis
576 2242 673 2291 sistere
684 2248 812 2294 mentem.

143 2308 231 2374 thue
252 2305 323 2356 diem
343 2304 414 2356 hunc
435 2310 518 2359 toties
542 2310 727 2378 nequidquam
753 2315 839 2364 averte

617 2381 697 2431 Urbi:

83 2449 133 2496 410
144 2448 231 2513 Atque
240 2447 314 2497 idem
324 2451 441 2514 quantus
451 2447 556 2500 dentre.
588 2447 642 2500 Sed
654 2465 722 2500 cura
732 2449 815 2502 futurl

144 2516 219 2578 Quos
229 2517 337 2582 premit,
350 2515 490 2568 autlossas
500 2520 780 2586 instantpraeducere
790 2531 839 2571 mur

129 2589 190 2640 Aut
198 2593 349 2656 portarum
360 2587 453 2640 editus
460 2590 607 2651 (utrerum
615 2594 660 2638 est
667 2591 839 2654 eupiatllrms

125 2661 254 2733 Quisque
267 2664 352 2731 patet
362 2676 485 2729 campus
493 2655 839 2727 plauisingressibusuudd

117 2736 289 2792 cervorum
306 2735 455 2790 ambustis
464 2730 616 2784 imitantur
628 2721 839 2781 enuntiaremus
