1920 2962
202 173 660 243 runrcoaumarsavr.
757 176 807 228 aar

67 298 128 351 Nec
139 298 220 347 finem
232 297 310 348 daret
320 296 366 347 ille
377 295 435 347 dies
447 296 623 362 animosaque
634 297 728 358 virtus,

67 368 104 420 Ni
115 366 243 434 perlapsa
254 367 312 416 viro
323 365 428 416 loricae
439 366 559 432 tegmine
570 365 684 428 arundo,
816 368 866 417 110

68 439 106 488 Et
117 451 201 503 parco
213 450 347 487 summum
357 435 488 485 violasset
498 433 609 484 vulnere
621 449 729 501 corpus,

70 505 262 572 suasissetque
273 506 375 572 lugam.
398 503 504 570 Rapido
517 505 667 553 certamina
677 503 773 571 linquit

69 577 100 626 ln
111 574 231 625 latebras
242 580 353 624 evectus
365 588 445 641 equo,
457 574 599 640 noctisque
611 588 660 638 per
671 572 792 623 umbram

68 645 109 695 Ad
122 645 314 695 Tartessiacos
324 643 412 694 tendit
423 658 473 710 per
483 642 565 692 litora
575 648 679 707 portus.

68 714 214 764 Proximus
224 713 252 763 in
263 728 355 780 pugna
365 712 473 763 ductori
483 711 574 762 Marte
585 727 719 780 manuque
817 713 867 761 115

67 783 209 850 Regnator
222 781 375 833 Nomadum
386 780 490 844 fuerat3
503 795 566 831 mox
579 779 691 832 loedere
701 781 784 849 longo

68 852 203 919 cultuque
212 852 368 902 Aeneadum
380 865 479 901 nomen
489 850 636 901 Masinissa
646 851 800 916 superbum.

66 922 140 972 Huic
150 920 234 983 fesso,
245 935 313 988 quos
325 920 394 970 dura
403 919 469 987 fuga
481 923 509 968 et
521 933 577 969 nox
588 926 714 970 suaserat
726 925 796 982 atra,

68 990 197 1057 Carpenti
209 1004 319 1040 somnos
331 989 436 1041 subitus
447 988 577 1039 rutilante
588 1004 732 1040 coruscum

66 1060 180 1111 Vertice
192 1057 268 1108 fulsit
278 1072 357 1125 apex,
370 1059 541 1125 crispamque
550 1058 689 1108 involvere
699 1061 758 1109 vise
764 1063 806 1109 est
817 1060 868 1107 120

66 1129 143 1179 Mitis
161 1126 271 1179 flamma
287 1142 408 1189 comam,
430 1132 512 1193 atque
532 1124 606 1244 hfirrta
627 1141 656 1177 se
677 1141 807 1193 spargere

571 1200 644 1245 onte.

66 1268 241 1318 Concurrunt
251 1262 354 1327 famuli,
366 1269 395 1315 et
404 1269 547 1331 serpentes
558 1268 685 1330 tempora
695 1264 798 1314 circum

64 1336 210 1387 Festinant
220 1333 316 1402 gelidis
326 1334 496 1402 restinguere
508 1333 628 1385 lontibus
639 1335 724 1402 ignes.

65 1408 101 1456 At
110 1403 276 1473 grandaeva,
287 1403 376 1455 Derim
388 1416 572 1475 praenoscens
584 1406 683 1468 omina,
694 1408 792 1465 mater,

67 1473 122 1536 Sic,
133 1475 182 1534 sic,
194 1474 360 1525 coelicolae:
373 1480 555 1543 portentaque
566 1481 658 1526 vestra
668 1473 779 1526 secundi
816 1473 867 1527 125

67 1543 195 1605 Condite,
207 1545 252 1593 ait.
280 1543 369 1594 Duret
381 1545 465 1609 capiti
475 1559 524 1610 per
535 1544 628 1594 secula
637 1544 736 1595 lumen.

66 1612 107 1664 Ne
119 1626 196 1673 vero,
207 1625 249 1672 ne,
260 1616 334 1672 nate,
346 1611 436 1662 Deum
446 1622 477 1661 tu
487 1613 561 1662 laeta
572 1627 687 1678 pavesce

65 1680 215 1748 Prodigia,
236 1684 284 1729 aut
299 1695 393 1730 sacras
408 1686 501 1730 metue
512 1681 583 1731 inter
594 1687 721 1747 tempora
732 1680 795 1730 llam

543 1763 611 1799 mas.

66 1822 121 1872 llic
132 1819 182 1870 tibi
193 1817 350 1869 Dardaniae
362 1819 498 1883 promittit
509 1817 624 1868 foedera
633 1818 732 1884 gentis,

65 1892 121 1942 llic
133 1889 185 1940 tibi
195 1901 282 1956 regna
291 1886 376 1949 dabit,
389 1888 480 1954 regnis
491 1888 598 1937 maiora
608 1887 738 1952 paternis,
817 1887 867 1938 130

66 1960 150 2028 Ignis,
162 1963 190 2010 et
200 1958 330 2026 adiunget
340 1956 429 2007 Latiis
440 1963 488 2006 tua
498 1957 608 2006 nomina
618 1955 691 2008 latis.

66 2029 113 2080 Sic
124 2034 212 2091 vates,
224 2027 383 2093 iuvenisque
394 2027 512 2076 animum
518 2032 573 2077 tam
582 2026 809 2077 elaranrovebant

65 2100 206 2161 Monstra3
217 2112 269 2147 nec
281 2112 297 2146 a
307 2097 407 2147 Poenis
418 2095 464 2146 ulli
474 2097 582 2146 virtutis
593 2094 719 2147 honores.

66 2166 206 2219 Hannibal
214 2168 273 2234 ipse
285 2166 367 2217 etiam
379 2166 434 2216 iam
445 2167 553 2234 iamque
564 2165 716 2216 ruodestr'or
726 2166 808 2216 amuis

68 2237 125 2305 [lre
138 2236 290 2297 videbatur,
301 2235 453 2303 Martisque
464 2234 615 2304 liquescere
628 2235 724 2300 lama!
816 2232 867 2284 135

66 2309 174 2359 Aurora
185 2306 294 2357 obscuri
305 2304 433 2372 tergebat
441 2305 533 2356 nubila
544 2306 623 2367 coeli,

67 2377 176 2444 Vixque
188 2374 372 2426 Atlantiadum
384 2374 559 2427 rubefecerat
569 2390 619 2426 ora
630 2374 770 2426 sortrrumz

65 2446 169 2497 Tendit
181 2444 216 2495 ad
226 2444 370 2506 Ausonios,
383 2450 411 2494 et
421 2441 511 2495 adhuc
522 2443 633 2495 hostilia
643 2447 743 2494 castra,

64 2517 162 2584 Atque,
173 2514 220 2565 ubi
231 2529 260 2565 se
273 2513 345 2565 uallo
356 2513 494 2577 intulerat,
506 2514 657 2580 ductorque
668 2511 786 2579 benigno
815 2540 819 2547 ·

64 2582 643 2651 AccepitLatiusvultu,rextalibusinlitr
823 2581 882 2626 RQ

64 2655 219 2704 Caelestum
229 2655 337 2707 monita
348 2661 378 2709 et
389 2671 493 2710 sacrae
502 2669 650 2726 responsa
655 2648 807 2722 quassus„

54 2720 160 2787 Daque
172 2726 228 2785 tua,
242 2739 260 2775 o
269 2723 414 2783 Rutulum
423 2738 540 2797 rector,
552 2719 841 2801 mauselanum*
