1920 2962
76 118 80 127 Ι
176 166 227 221 2³⁰
360 164 389 214 G.
419 161 526 214 SlLll
553 158 721 213 lumel

175 286 337 351 Quanquam
351 282 535 350 imperfectis,
556 295 674 348 magnae
690 284 788 413 tapsen
806 280 905 341 indolis,

652 364 726 401 ausis

174 423 254 475 Mens
266 436 321 473 una
330 420 463 472 inviolata
472 434 559 482 mero,
570 419 703 486 nullisque
715 420 828 471 venenis

115 493 166 545 810
176 491 302 543 Potando
315 495 465 552 exarmata,
477 488 562 540 decus
571 502 743 556 pugnaeque,
753 489 880 556 necisque

176 559 305 612 Sidoniae
317 561 403 611 tacito
414 557 542 610 volvebat
552 565 667 625 pectore
678 555 791 608 molem.

177 631 293 696 Quoque
305 635 379 679 esset
388 627 512 679 miranda
521 629 609 694 magis
620 632 677 677 tum
689 640 772 679 sacra
781 626 873 690 libido,

176 699 297 750 Pacuvio
307 699 416 765 genitus
427 698 530 763 patrias
541 696 721 747 damnaverat
731 701 816 747 artes.
945 700 948 709 '

175 769 202 820 ls
213 768 295 818 variis
307 773 451 818 oneratum
462 765 548 833 epuiis
559 771 641 834 atque
652 765 725 816 atria
734 766 818 816 tardo

116 837 166 889 ⁸15
177 837 361 904 Linquentem
370 851 468 904 gressu
479 836 626 887 comitatus
638 848 710 901 pune
721 840 872 901 parantem,

175 906 328 973 Postquam
348 920 430 971 posse
451 905 544 955 datum
566 904 700 955 mediata
720 905 848 971 aporire,
865 917 903 955 uo

653 986 703 1023 vos
722 987 759 1024 ue

176 1041 302 1094 Pandere
314 1045 438 1101 conatus,
450 1045 479 1089 et
488 1039 557 1090 liber
569 1046 648 1106 parto
657 988 758 1093 relizta

176 1112 329 1163 Tectorum
339 1125 356 1160 a
367 1114 446 1176 tergo
457 1110 547 1175 putuit
557 1109 645 1174 loeus,
655 1112 758 1177 Accipe
768 1112 852 1181 digua

176 1182 214 1232 Et
225 1182 318 1247 Capua
329 1185 357 1230 et
367 1178 455 1241 nobis,
465 1179 562 1247 inquit,
574 1179 707 1231 consulta.
737 1182 870 1250 Togaque

115 1250 166 1302 82⁰
177 1252 318 1300 Armatum
330 1254 423 1298 amota
434 1248 519 1298 nudat
527 1248 608 1299 latus.
635 1249 700 1300 Hoc
712 1264 765 1316 ego
776 1251 874 1302 balium

176 1318 318 1370 Conicere
329 1331 392 1367 ense
404 1331 481 1382 paro,
493 1322 575 1384 atque
588 1317 790 1370 avulsumferre
797 1317 904 1372 Tonanti

175 1387 302 1439 Rectoris
313 1385 413 1450 Libyci
422 1386 511 1435 victor
522 1393 614 1454 caput.
642 1388 697 1439 Hic
708 1389 762 1440 erit
769 1389 826 1453 ille,

177 1456 228 1518 Qui
242 1454 348 1521 polluta
359 1453 428 1504 dolis
440 1454 495 1504 iam
505 1453 622 1508 foedera
631 1459 747 1521 sauciet,
758 1460 840 1511 ensis.

137 1555 140 1561 ·
176 1524 205 1577 Si
216 1521 339 1592 perferre
351 1525 445 1591 nequit
456 1526 617 1590 spectacula
627 1531 705 1577 tanta
714 1533 853 1591 senectus,

116 1596 166 1647 325
177 1597 214 1646 Et
225 1594 318 1644 tremit
328 1594 445 1660 inceptis
455 1594 528 1645 lasso
540 1596 689 1647 maioribus
701 1611 782 1661 aevo,

175 1667 210 1716 At
220 1670 250 1714 tu
260 1663 363 1715 securis
376 1662 497 1714 concede
508 1665 661 1730 penatibus,
672 1671 755 1718 etms

176 1735 283 1802 Linque
300 1747 378 1784 meae
395 1734 493 1784 menti:
515 1749 649 1784 summum
666 1734 741 1801 quod
765 1736 867 1800 credis,
885 1740 907 1784 et

654 1818 686 1854 ae
705 1818 757 1855 uas

177 1873 359 1925 Hannibalem
371 1870 496 1939 Superis,
508 1886 524 1923 ο
536 1878 666 1939 quantum
677 1820 789 1926 nqomirm
802 1876 887 1927 maior

176 1943 234 1992 lam
244 1942 339 1992 Poeno
350 1942 400 1990 tibi
411 1946 491 1992 natus
502 1940 567 1991 erit!
579 1941 716 1993 vibrabat
725 1943 761 1995 ab
774 1959 824 1997 ore

117 2010 166 2062 33⁰
177 2011 249 2077 Ignis
261 2015 350 2069 atrox,
362 2010 521 2077 animusque
532 2011 582 2061 viri
591 2012 647 2061 iam
657 2011 729 2062 bella
739 2013 865 2081 gerebat,

176 2080 242 2129 Cum
254 2078 354 2139 senior,
365 2079 437 2128 tanti
447 2080 553 2145 pondus
565 2081 715 2132 conaminis
727 2097 814 2151 aegra

175 2149 234 2198 lam
247 2145 348 2196 dudum
360 2148 404 2196 vix
416 2163 482 2198 aure
493 2149 598 2212 serens,
609 2151 808 2205 tremebundus
818 2152 908 2205 ibidem

176 2215 321 2276 Sternitur,
334 2220 362 2265 et
373 2216 488 2281 pedibus
499 2218 596 2270 crebro
608 2219 813 2286 pavidaoscula
821 2224 908 2291 figent,

175 2286 230 2336 Per
241 2285 265 2336 si
276 2283 339 2352 quid
352 2292 478 2350 superest
488 2288 570 2351 vitae,
583 2290 703 2355 periura
713 2294 847 2357 parentis,

115 2354 165 2407 335
177 2354 369 2423 Perque'ltuam
380 2360 476 2405 nostra
485 2359 631 2422 potiorem,
642 2364 716 2422 nate,
728 2360 856 2424 salutem,

174 2425 282 2475 Absiste
293 2424 419 2492 inceptis,
432 2439 496 2475 oro:
507 2441 541 2476 ne
553 2429 685 2496 sanguine
697 2444 810 2481 cernam

173 2493 284 2544 Polluta
293 2492 427 2562 hospitia,
439 2510 471 2546 ac
483 2495 549 2546 tabo
561 2498 667 2565 repieta
677 2505 793 2551 cruento

167 2561 284 2627 Pocula,
299 2569 328 2617 et
337 2579 448 2619 eversus
456 2581 566 2636 pugnae
577 2570 726 2618 certamine
736 2585 854 2623 mensas.

162 2635 244 2689 Tune
254 2635 345 2704 iilum,
359 2654 446 2709 quem
457 2654 516 2690 non
526 2637 682 2698 acics,non
688 2639 917 2686 moenxaetunw

78 2700 140 2757 340
146 2707 244 2765 Ferre
250 2710 364 2777 valent,
381 2703 935 2774 cumironspsopioniumenuuocommu
