1920 2962
896 160 902 197 η’

899 220 902 235 Ι

141 194 192 244 280
343 190 373 242 0.
402 185 506 240 siml
533 183 701 237 1'1'AL101

139 311 278 364 infantum
296 306 360 359 hiuc
382 306 530 376 gregibus,
554 318 704 424 venemo
728 302 765 353 ad
783 301 867 355 insert

684 386 715 423 m
900 390 902 401 .

142 450 234 501 Passis
245 446 403 515 virginibus,
413 446 566 509 turbaeque
576 443 604 491 iu
614 442 708 493 limine
718 442 786 492 lucis
898 408 902 479 1

141 520 193 570 Est
203 519 257 570 iter
266 517 429 577 exstinctae,
440 520 469 565 et
479 513 573 580 vagitu
582 512 666 561 ianua
676 517 752 561 nota,

82 589 132 639 550
145 589 225 649 Tum,
236 586 352 638 seducta
362 583 434 646 loco,
446 589 475 634 et
484 582 579 632 laxato
587 579 682 631 lucida
690 586 782 642 nocte,

143 658 269 709 Claustra
278 656 374 716 nitent,
385 667 456 720 quac
466 651 566 703 secreti
576 664 626 717 per
636 650 731 701 limitis
741 647 850 700 umbram

142 727 253 791 Elysios
265 724 368 775 ducunt
379 736 517 787 campos..
529 719 584 770 Hic
593 718 678 771 turba
687 720 802 786 piorum,

142 795 201 847 Noc
213 793 312 861 Stygio
322 794 350 843 in
362 806 457 859 regno,
467 789 538 841 coeli
547 803 599 840 nec
609 794 693 856 posta
703 787 753 840 sub
764 801 823 839 uxo:

141 866 255 925 Varum,
267 863 340 913 ultra
350 862 491 912 Oceanum
501 872 581 909 sacro
594 859 767 909 contermina
773 856 841 916 ionii,

81 934 132 985 555
143 932 284 984 Lethaeos
294 936 374 998 potat
384 930 491 991 latices,
501 927 602 978 oblivia
611 928 723 979 mentis.

141 1004 274 1053 Extrema
283 998 355 1062 hinc,
367 1014 434 1049 auro
445 997 561 1064 fulgens,
571 997 628 1047 iam
638 996 709 1047 lucis
719 994 838 1048 honores

143 1070 241 1132 Sentit,
254 1076 281 1120 at
292 1068 404 1119 admoto
415 1066 540 1133 splendet
551 1081 602 1116 ccu
612 1065 704 1116 sidera
715 1066 802 1116 lunae.

142 1142 205 1192 Hac
216 1140 322 1190 animae
332 1137 439 1189 coelum
449 1141 591 1203 repetunt3
610 1149 657 1196 ac,
668 1134 743 1185 mille
754 1131 859 1202 paratD,

145 1210 253 1261 Oblitae
264 1208 356 1258 Ditem
368 1207 485 1258 redeunt
494 1208 522 1255 in
533 1218 660 1270 corpora,
672 1204 774 1255 lustris.
893 1262 896 1267 .

82 1279 133 1329 500
143 1279 203 1328 Has
215 1280 315 1344 passim
326 1279 432 1343 nigrum
443 1273 565 1342 pandens
574 1274 652 1325 Mors
663 1273 754 1324 lurida
763 1274 845 1324 rictum

141 1347 221 1412 Itque
232 1344 356 1411 reditque
366 1346 433 1406 vias,
445 1350 474 1394 ct
483 1346 572 1410 portis
584 1343 711 1394 omnibus
722 1348 802 1393 errat.
898 1324 901 1357 ¹

144 1416 215 1465 Tum
225 1414 299 1463 iacct
309 1415 336 1463 in
347 1415 465 1479 spatium
475 1417 534 1464 sine
545 1426 663 1479 corpore
674 1412 755 1481 pigra
769 1420 860 1475 vorago,

142 1482 303 1548 Limosique
314 1482 402 1533 lacus:
413 1482 468 1532 iata
480 1481 681 1534 exundantibus
689 1482 746 1533 urit

142 1553 226 1618 Ripas
236 1567 334 1602 saevus
347 1549 610 1619 aquisPhiegethon,
622 1557 659 1613 et,
669 1544 861 1602 turbiueanhclo

82 1621 132 1673 565
143 1623 327 1674 Flammarum
338 1635 478 1683 resonans,
491 1636 592 1672 saxosa
600 1620 730 1672 incendia
739 1624 844 1687 torqueo

142 1692 226 1744 Parte
238 1691 291 1743 alie
300 1698 409 1742 torrens
422 1692 541 1756 Cocytos
550 1691 689 1757 sanguinis
700 1692 753 1741 atri

142 1762 302 1816 Vorticibus
312 1760 387 1824 furit,
400 1766 428 1812 et
437 1761 573 1826 spumanti
582 1761 692 1826 gurgite
702 1759 797 1811 fertur.

141 1833 185 1895 At,
197 1834 301 1899 magnis
313 1846 421 1896 semper
431 1829 507 1879 Divis
518 1830 629 1896 regique
640 1829 765 1881 Deorum

141 1903 230 1952 lurari
242 1902 354 1968 dignata
364 1899 451 1966 palus,
463 1898 530 1964 picis
541 1896 653 1949 horrida
666 1900 736 1960 rivo,

82 1970 133 2018 oto
143 1969 313 2021 Fumiierum
323 1969 407 2018 volvit
418 1966 488 2033 Styx
498 1969 570 2018 inter
579 1966 685 2019 sulfura
697 1968 798 2019 limum.

143 2039 263 2087 Tristior
276 2034 317 2085 his
327 2034 454 2087 Acheron
464 2038 540 2087 sanic
551 2051 700 2104 crassoque
711 2051 813 2089 veneno

142 2107 265 2168 Aestuat,
278 2111 320 2166 et,
332 2105 449 2172 gelidam
461 2112 588 2157 eructans
601 2121 663 2156 cum
673 2121 809 2158 murmure
818 2114 854 2154 art

616 2190 679 2226 nam

142 2242 293 2292 Descendit
302 2244 380 2309 nigra
389 2244 478 2293 lentus
489 2259 538 2310 per
548 2251 646 2313 stagna
657 2212 765 2310 palude.

142 2312 224 2363 Hanc
234 2317 315 2379 potat
325 2312 429 2362 saniem
439 2328 493 2362 non
504 2330 558 2364 uno
570 2314 704 2365 Cerberus
716 2330 773 2366 ore.

81 2383 132 2432 515
142 2382 222 2434 Haec
244 2387 273 2433 et
289 2378 453 2446 Tisiphones
475 2389 538 2432 sunt
558 2382 670 2449 pocula,
692 2390 723 2434 et
744 2390 804 2435 atro
819 2380 865 2432 iit·

635 2465 702 2502 nera

140 2520 213 2569 Hinc
223 2523 289 2584 sitit,
301 2536 333 2571 nc
345 2520 418 2570 nullo
429 2518 519 2571 rabies
531 2468 709 2588 restinguitur
719 2521 826 2574 haustu.

138 2589 256 2643 Ultimus
268 2588 704 2658 erumpitiucrimarumiontinns
712 2593 799 2641 omnis

128 2663 207 2715 Ante
219 2661 326 2725 aulam,
338 2666 426 2726 atqua
438 2658 544 2713 aditus,
553 2653 859 2702 etinsxomuuemm,

127 2735 253 2803 Quanta
266 2731 394 2792 cohors,
403 2718 900 2780 omnistaouisntcuenauiamoum
