1920 2962
221 219 694 272 ruurcouumnra.xv11.
729 243 733 249 -
785 198 851 273 sss

96 341 173 404 Quas
187 347 331 407 postquam
343 339 446 391 audivit
454 354 537 390 voces
548 341 698 391 conterrita
710 342 787 402 luno,

94 410 137 462 Ne
147 408 248 474 Libyci
259 409 335 460 ducis
344 409 495 474 impavidos
506 408 642 459 ferrentur
652 409 687 459 ad
699 424 787 472 aures,

95 479 222 546 Effigiem
231 477 363 528 informat
372 477 492 540 Latiam,
503 491 673 545 propereque
686 481 806 530 coruscis
842 479 893 531 525

95 547 203 599 Attollit
213 547 316 598 cristis:
329 546 405 597 addit
415 547 596 613 clypeumque
607 547 737 614 iubasque

94 616 220 668 Romulei
229 615 316 677 ducis,
330 622 412 682 atque
422 612 542 668 humeris
552 617 669 681 imponit
680 613 811 667 honorem

94 685 236 753 Fulgentis
247 685 347 752 saguli:
360 685 407 735 dat
417 699 541 752 gressum
551 683 713 753 habitusque
725 688 822 737 cientis

94 754 215 816 Proelia,
227 759 255 804 et
266 754 384 805 audaces
395 755 480 805 adicit
492 755 550 805 sine
562 769 678 821 corpore
688 761 787 806 motus.

94 825 166 875 Tum
177 838 226 890 par
238 824 343 890 effigies
353 822 458 874 fallacis
468 824 587 891 imagine
597 838 668 874 rana
842 823 892 875 530

95 892 257 958 Cornipedis
268 892 437 943 moderanda
449 893 505 944 cito
517 908 566 958 per
577 892 657 943 devia
668 908 750 960 passu

92 961 246 1028 Belligerae
257 962 338 1012 datur
350 961 384 1011 ad
394 963 514 1027 speciem
525 963 682 1013 certaminis
693 963 814 1013 umbrae.

93 1030 139 1081 Sic
151 1031 237 1081 Poeni
248 1031 324 1082 ducis
335 1035 397 1080 ante
410 1029 504 1082 oculos
515 1031 644 1093 exsultat,
657 1038 685 1082 et
695 1031 766 1082 ultro

93 1098 185 1166 Scipio
197 1101 308 1151 lunonis
319 1099 461 1150 simulatus
472 1099 528 1151 tela
538 1105 674 1150 coruscat.

92 1171 135 1231 At,
147 1170 206 1220 riso
218 1169 306 1220 laetus
316 1174 426 1219 rectore
438 1173 501 1218 ante
513 1181 563 1218 oro
572 1167 683 1229 Latino,
842 1166 891 1217 535

92 1239 130 1288 Et
140 1238 250 1289 tandem
263 1238 374 1305 propius
386 1253 500 1302 sperans
511 1237 640 1304 ingentia,
651 1237 760 1287 Poenus

93 1307 270 1374 Quadrupedi
281 1309 351 1358 citus
360 1307 476 1374 imponit
485 1305 592 1357 velocia
602 1306 732 1368 membra,

92 1377 129 1426 ut
137 1377 358 1441 iacitladversam
370 1378 511 1444 properati
520 1377 634 1428 turbinis
646 1375 761 1428 hastam.

91 1445 148 1495 Dat
159 1451 246 1513 terga,
259 1452 295 1510 et,
309 1462 406 1513 campo
418 1446 535 1513 fugiens,
546 1447 621 1497 volat
634 1447 690 1498 ales
702 1448 803 1513 imago,

91 1515 288 1580 Tramittitque
299 1517 381 1566 ocios.
410 1517 482 1565 Tum
492 1530 567 1577 vero,
578 1521 609 1565 ut
620 1517 717 1578 victor,
729 1521 756 1566 et
768 1515 817 1565 alti
840 1513 890 1564 540

90 1584 149 1634 Iam
163 1593 275 1644 compos
285 1585 351 1644 voti,
362 1583 466 1633 ferrata
479 1584 554 1634 calce
566 1590 692 1634 cruentat

92 1647 285 1713 Cornipedem,
297 1655 325 1698 et
336 1649 428 1715 largas
439 1651 548 1701 Poenus
559 1653 647 1717 quatit
657 1667 738 1716 asper
747 1650 830 1702 babe-

566 1724 623 1770 rias.

92 1789 153 1850 Quo
165 1785 247 1853 fugis,
259 1785 360 1837 oblitus
370 1787 471 1837 nostris
482 1793 510 1837 te
521 1787 619 1838 cedere
629 1787 737 1855 regnisl

90 1855 173 1909 Nulla
182 1855 232 1906 tibi
244 1854 352 1921 Libyca
362 1855 469 1906 latebra
480 1861 531 1918 est,
543 1871 560 1906 o
573 1854 675 1923 Scipio,
685 1860 768 1907 terra.

91 1929 170 1977 llaec
181 1927 228 1988 ait,
241 1931 269 1976 et
279 1925 376 1976 stricto
388 1925 512 1992 sequitur
522 1938 655 1977 mucrone
664 1924 811 1976 volantem.
839 1924 889 1975 545
953 1958 956 1963 -

90 1998 187 2047 Donec
199 1995 348 2063 longinquo
359 1994 519 2046 frustratum
532 1996 609 2046 duxit
618 1997 646 2049 in
659 2009 725 2046 arva

89 2066 208 2116 Diversa
218 2066 308 2131 spatio
320 2064 416 2132 procul
427 2080 445 2115 a
455 2067 604 2116 certamine
615 2079 730 2132 pugnae.

90 2137 162 2186 Tum
174 2133 258 2186 fallax
269 2134 360 2186 subito
373 2135 545 2186 simulacrum
557 2136 584 2185 iu
595 2134 688 2184 nubila
699 2133 789 2184 cessit.

89 2204 247 2256 Fulmineus
258 2205 365 2267 ductor,
378 2205 508 2266 Quisnam
519 2221 549 2256 se
559 2204 659 2255 lumine
671 2218 754 2254 caeco

90 2275 251 2340 Composuit
262 2275 349 2337 nobis,
360 2275 456 2342 inquit,
467 2272 560 2326 Deust
571 2280 619 2325 aut
629 2275 696 2325 latet
706 2273 778 2324 idem
839 2268 889 2318 550

90 2345 144 2395 Cur
155 2343 297 2395 monstro?
308 2346 463 2396 Tantumne
475 2336 830 2410 obstatmeagloriallirisi

88 2412 145 2464 Sed
156 2429 211 2464 non
223 2413 323 2464 avelles
333 2429 461 2482 unquam,
473 2415 626 2480 quicunque
637 2411 772 2464 secundus

90 2482 258 2534 Coelicolum
269 2488 326 2534 stas
338 2484 483 2544 Ausoniae,
495 2497 550 2533 non
562 2482 665 2533 artibus
676 2478 784 2531 hostem

90 2551 198 2616 Eripies
208 2566 302 2603 rerum
314 2553 400 2605 nobis.
428 2553 521 2604 Frena
529 2551 594 2603 inde
605 2552 700 2602 citatis

87 2621 229 2671 Convertit
239 2620 406 2678 furibundus
417 2625 509 2695 equis,
521 2635 713 2692 campumque
723 2602 930 2683 prbdffis'ffi

76 2689 145 2738 Cum
156 2689 270 2744 subitae
281 2697 400 2752 occulto
411 2699 507 2768 pestis
520 2696 658 2762 collapsa
665 2697 805 2740 &samm

68 2755 239 2825 ⁰⁰ffl¹⁸l³ed1¹e
249 2767 345 2823 moles
358 2773 431 2839 ruit,
445 2777 542 2843 utque
555 2751 803 2822 emeritensem
