1920 2962
206 173 470 227 redicendis
486 173 564 228 LlB.
593 178 651 229 Vll.
751 179 803 231 111

60 299 164 350 Fertur
175 309 270 356 ovans,
277 308 438 362 pugnaeque
443 295 802 362 agitatsimulaerafuturae.

62 368 102 418 Ut
112 363 239 415 Thetidis
250 363 343 428 proles
353 362 481 432 Phrygiis
494 364 624 416 Vulcania
634 367 736 431 eampis
813 366 863 413 tao

62 437 148 486 Arma
164 433 240 494 tulit,
258 432 357 498 clypeo
375 434 513 499 amplexus
531 439 685 500 terramque
701 434 804 498 polum-

561 516 604 563 ue,

65 574 277 637 Maternumqne
288 568 402 630 fretum,
413 518 559 637 totumqug
563 572 591 621 in
600 571 718 637 imagine
730 585 805 621 mun-

543 639 615 689 dum.

67 711 214 761 Cassarum
226 707 305 758 sodet
314 708 416 756 irarum
428 712 580 770 spectator,
592 714 620 759 et
631 708 677 758 alti

67 777 164 829 Celsus
173 775 244 828 eolle
254 776 311 842 iugi
321 774 416 825 domat
426 775 590 827 exsultantia
598 778 691 837 eorda,

65 845 258 911 infractasque
269 845 356 895 minas
367 843 452 893 dilato
464 843 555 895 Marte
564 844 663 913 fatigat
816 841 867 891 125

68 914 173 966 Sollers
184 912 331 965 cunctandi
342 912 451 963 Fabius.
472 913 527 963 Ceu
538 921 618 965 noete
628 916 678 966 snb
690 918 751 964 atra

67 983 182 1035 Munitis
192 987 287 1049 pastor
297 981 410 1032 stabulis
421 995 470 1048 per
482 983 563 1033 ovilia
574 984 693 1034 clausum

68 1050 226 1118 impavidus
237 1051 326 1101 somni
336 1056 429 1101 servat
438 1066 534 1117 pecus:
552 1052 637 1104 effera
646 1054 742 1112 saevit,

67 1123 157 1189 Atque
165 1121 285 1186 impasta
294 1124 387 1170 truces
398 1119 515 1170 ululatus
527 1121 607 1171 turba
615 1121 741 1186 luporum

69 1192 207 1261 Exercet,
220 1202 367 1256 morsuque
379 1189 466 1255 quatit
477 1190 608 1239 restantia
620 1190 747 1240 claustra.
819 1185 869 1237 130

67 1261 166 1310 Irritus
176 1259 281 1324 incepti
291 1263 384 1308 moret
392 1257 470 1319 inde,
482 1263 563 1325 atque
572 1259 660 1323 Apula
670 1258 750 1309 tardo

68 1330 142 1381 Arva
151 1327 239 1392 Libys
250 1342 333 1392 passu
343 1326 422 1394 legit,
434 1341 467 1376 oe
479 1343 549 1378 nuno
560 1328 629 1379 valle
640 1327 736 1378 residit

69 1395 204 1448 Conditus
216 1396 340 1458 occulta,
351 1396 374 1445 si
384 1396 566 1462 praecipitare
577 1402 744 1464 sequentem,

69 1467 158 1533 Atque
168 1465 311 1530 inopinata
322 1464 402 1515 detur
413 1465 582 1516 circumdare
594 1466 703 1517 fraude:

68 1533 150 1586 Nune
160 1537 298 1585 necturna
307 1539 387 1600 parat
399 1548 498 1584 caecae
510 1535 660 1586 celantibus
671 1535 773 1585 umbris
822 1531 871 1582 135

69 1605 159 1655 Furta
167 1602 242 1666 viae;
254 1608 383 1669 retroque
394 1603 496 1652 abitum
507 1604 642 1671 fictosque
653 1606 766 1654 timores

71 1671 231 1724 assimulat:
248 1675 306 1731 tum
318 1677 410 1722 eastra
419 1673 488 1722 citus
500 1672 610 1724 deserta
619 1673 716 1723 relicta

73 1742 204 1795 Oetentat
214 1741 331 1807 praeda,
345 1746 426 1806 atque
436 1741 534 1789 inritat
545 1741 676 1806 prodigus
686 1738 802 1791 hostem.

74 1810 171 1874 Qualis
179 1809 310 1860 Maeonia
320 1810 420 1874 passim
431 1807 596 1858 Maeandrus
606 1810 633 1857 in
645 1822 703 1869 ora,

73 1882 141 1933 Cum
153 1878 206 1930 sibi
215 1877 370 1946 gurgitibus
381 1875 459 1926 flexis
468 1876 607 1927 revolutus
619 1875 736 1927 oberrat
823 1878 873 1928 140

31 1987 39 1999 ,
72 1948 154 2001 Nulla
163 1953 264 1998 vacant
272 1948 383 2012 incepta
392 1945 473 1995 dolis:
486 1945 565 1996 simul
575 1946 666 1996 omnia
676 1952 776 2007 versat,

72 2020 228 2085 lsrseetque
237 2030 374 2067 exacuens
385 2015 461 2065 varia
471 2014 506 2066 ad
517 2017 661 2066 conamina
671 2021 798 2066 mentem.

72 2087 152 2141 Sicut
161 2100 250 2154 aquae
263 2084 406 2152 splendor,
418 2084 540 2137 radiatus
550 2084 676 2152 lampade
688 2083 769 2146 Solis,

73 2157 210 2209 llissnltat
220 2169 270 2222 per
281 2158 370 2216 tecta,
381 2169 452 2222 vaga
463 2154 512 2204 sub
521 2156 639 2222 imagine
650 2155 758 2206 vibrans

72 2226 211 2288 Luminis,
224 2228 253 2274 et
264 2221 380 2274 tremula
388 2222 530 2290 laquearia
539 2224 667 2275 verberat
679 2223 783 2275 umbra.
825 2220 874 2270 145

72 2296 186 2363 lamque
198 2293 295 2346 dolore
300 2291 393 2344 furens
402 2296 442 2344 ita
447 2294 735 2345 seeumimmurmurat
744 2294 814 2342 irae:

73 2365 164 2418 obde
172 2365 196 2416 si
206 2364 310 2431 primus
319 2362 397 2413 nobis
408 2359 452 2412 hie
459 2364 515 2414 tela
525 2364 641 2425 tulisset,

73 2432 157 2486 Nulla
166 2438 259 2485 essent
268 2431 388 2483 Trebiae
401 2437 429 2482 et
435 2431 620 2500 Thrasymeni
629 2432 748 2490 nomino,
759 2428 823 2479 nulli

73 2501 300 2571 Lngerentltali.
327 2500 398 2552 Num
418 2516 481 2552 uam
491 2500 691 2554 Phaethontius
702 2499 793 2551 amnis

75 2571 356 2641 Sangrrineapontum
366 2576 412 2624 tur
432 2577 509 2627 asset
519 2572 637 2627 deenlor
647 2570 738 2623 noba.
848 2557 906 2605 'Q

71 2643 216 2692 inventurn
227 2640 304 2704 (dum
313 2658 346 2696 se
359 2642 493 2713 cohibet,
503 2648 691 2714 terimurque
702 2630 865 2693 senentes

67 2708 301 2779 l'irreendr‘genus
310 2721 367 2770 est.
388 2719 539 2789 Quoties,
548 2719 639 2775 velut
651 2703 853 2768 obtrusum„
