1920 2962
158 172 192 224 00
322 224 326 231 ,
350 174 378 222 G.
408 169 512 222 SlLll
540 168 705 223 l'rnblcl

156 293 232 342 Mole
243 293 316 343 viros
327 297 454 357 spectare
463 303 545 356 paro,
555 294 638 355 atque
650 288 805 355 expendere
815 289 898 344 bello.

98 360 148 411 510
160 360 236 411 Gens
246 360 312 412 ferri
323 360 445 427 patiens,
455 373 489 409 ac
498 359 573 409 laeta
582 357 694 408 domare
703 357 823 420 labores,

156 430 293 481 Paulatim
306 431 417 497 antiquo
430 433 538 494 patrum
548 427 687 478 desuescit
695 424 808 478 honori:

157 500 245 566 Atque
256 499 310 562 ille,
321 497 394 550 haud
405 512 522 565 unquam
530 511 684 562 parcuspro
691 496 772 547 laude
783 500 898 562 cruoris,

157 569 195 618 Et
205 583 313 636 semper
323 568 413 619 famae
423 567 531 628 sitiens,
543 564 661 616 obscura
671 566 792 616 sedendo

158 638 297 704 Tempora
309 640 378 706 agit,
390 641 495 687 mutum
504 636 616 686 volvens
625 635 757 702 inglorius
768 649 879 699 aevum,

97 705 147 755 580
159 703 296 774 Sanguine
307 707 342 757 de
353 712 448 757 nostro
459 704 591 771 populus:
602 704 758 771 blandoque
768 718 879 758 veneno

156 775 286 827 Desidiae
296 777 382 827 virtus
392 775 523 843 paulatim
534 776 623 825 evicta
633 775 760 825 senescit.

156 846 273 914 Magnae
284 846 362 897 molis
374 861 457 912 opus,
464 845 605 913 multoque
616 843 711 894 labore
722 844 888 909 parandum,

156 915 213 965 Tot
223 915 339 981 populos
348 916 433 975 inter,
446 913 497 964 soli
509 912 560 963 sibi
572 926 687 977 poscere
697 926 791 978 regna.

156 984 266 1048 lamque
279 983 328 1031 tibi
339 984 431 1032 veniet
441 987 564 1045 tempus,
576 994 629 1045 quo
641 980 761 1029 maxima
771 995 867 1034 rerum

96 1051 145 1100 585
157 1049 281 1100 Nobilior
291 1051 327 1100 sit
337 1049 425 1099 Roma
434 1048 520 1098 malis.
541 1048 613 1097 Hinc
623 1048 734 1097 nomina
743 1057 844 1104 nostro

155 1118 216 1168 Non
226 1118 338 1186 indigna
348 1117 412 1184 polo
422 1116 525 1168 referet
539 1115 630 1166 labor:
641 1115 704 1167 hinc
715 1118 765 1168 tibi
776 1120 898 1185 Paullus,

156 1189 227 1238 Hinc
237 1187 354 1249 Fabius,
364 1192 512 1254 gratusque
522 1182 589 1236 mihi
598 1186 745 1238 Marcellus
757 1191 873 1254 opimis.

155 1257 193 1306 Hl
203 1262 310 1307 tantum
320 1256 427 1323 parient
436 1255 521 1310 Latio,
532 1270 581 1321 per
589 1255 702 1306 vulnera
714 1272 843 1324 regnum,

157 1326 236 1385 Quod
246 1324 312 1375 luxu
323 1330 351 1374 et
362 1323 476 1374 multum
486 1330 593 1375 mutata
602 1330 693 1376 mente
705 1332 823 1393 nepotes

95 1391 146 1442 590
156 1391 218 1444 Non
230 1398 322 1443 tamen
334 1394 464 1444 evertisse
476 1400 585 1460 queant.
614 1396 726 1462 lamque
741 1396 801 1461 ipso
820 1412 898 1450 crea·

632 1469 686 1526 tus,

157 1529 209 1590 Qui
220 1529 341 1581 Poenum
353 1538 465 1584 revocet
475 1533 594 1598 patriae,
607 1533 743 1601 Latioque
755 1535 897 1601 repulsum

156 1600 224 1649 Ante
235 1614 300 1649 suae
310 1615 403 1652 muros
414 1601 586 1670 Carthaginis
598 1608 683 1654 exuat
693 1603 784 1653 armis.

155 1669 241 1731 Hinc,
253 1668 402 1734 Cytherea,
414 1674 468 1723 tuis
477 1672 561 1740 longo
572 1672 731 1739 regnabitur
744 1686 822 1724 aevo.

156 1739 225 1788 Exin
237 1753 266 1789 se
278 1740 392 1792 Curibus
402 1743 488 1793 virtus
501 1741 627 1793 coelestis
640 1741 674 1790 ad
687 1747 762 1790 astra

95 1806 146 1857 595
156 1806 273 1872 Efferet3
285 1815 314 1859 et
323 1812 408 1862 sacris
420 1812 638 1879 augebitnomen
650 1810 714 1860 lulis

155 1877 287 1929 Bellatiix
297 1895 363 1946 gens
374 1880 515 1932 baocifero
525 1881 629 1930 nutrita
640 1877 749 1930 Sabino.

155 1946 227 1996 Hinc
237 1954 316 2012 pater
325 1951 448 2016 ignotam
459 1948 572 1998 donabit
581 1950 690 1998 vincere
704 1946 820 2012 Thulen,

156 2015 239 2081 lnque
252 2017 414 2067 Caledonios
424 2018 527 2081 primus
538 2015 630 2067 trahet
639 2019 748 2084 agmina
758 2018 850 2071 lucos.

157 2084 319 2151 Compescet
329 2086 395 2150 ripis
405 2083 542 2147 Rhenum,
554 2091 634 2153 reget
643 2087 759 2153 impiger
769 2088 861 2153 Afros,

96 2149 145 2199 000
158 2152 386 2218 Palmiieramque
397 2168 481 2204 senex
490 2153 563 2205 bello
573 2155 718 2206 domitabit
729 2156 851 2209 ldumen.

155 2220 213 2272 Nec
224 2220 318 2286 Stygis
328 2221 373 2271 ille
385 2222 475 2284 lacus,
486 2223 652 2292 uiduataque
663 2225 762 2276 lumine
776 2241 876 2295 regna3

155 2288 209 2340 Sed
220 2287 353 2353 Superum
365 2290 457 2352 sedes,
468 2297 632 2359 nostrosque
642 2295 747 2345 tenebit
756 2292 884 2347 honores

155 2360 226 2407 Tum
235 2358 353 2418 iuvenis,
364 2374 463 2426 magno
475 2363 642 2426 praecellens
653 2363 754 2414 robore
764 2366 864 2417 mentis

153 2427 281 2491 Excipiet
293 2428 409 2490 patriam
420 2429 532 2493 molem,
544 2433 684 2500 celsusque
696 2432 809 2495 feretur,

93 2495 143 2546 605
155 2496 307 2559 aequatum
318 2495 538 2563 imperiotollens
549 2507 639 2567 caput.
658 2502 712 2552 Hic
722 2501 784 2553 iera
794 2507 862 2570 gent

153 2562 231 2613 Bella
240 2563 412 2618 Palaestinae
423 2571 510 2634 primo
523 2570 623 2621 delebit
631 2572 660 2620 in
672 2585 747 2621 aevo.

151 2634 188 2682 At
197 2637 226 2682 tu
239 2637 428 2700 transcendes,
439 2638 615 2700 Germanice,
627 2638 703 2688 facta
713 2645 831 2691 tuorum,

47 2760 51 2767 Ι
138 2701 201 2752 lem
209 2719 286 2772 puer
297 2709 442 2763 auricomo
454 2707 671 2780 praeiormidate
680 2708 797 2760 Batauo.
