1920 2962
154 179 207 229 11⁰
352 179 381 229 C.
412 172 517 229 SlLll
548 175 715 227 l'l'ALlCl

156 297 278 363 Moxque
292 297 360 349 nlius
372 312 455 364 super
464 302 546 364 etque
558 296 626 347 alius
640 297 798 347 consistere
808 302 873 348 tuto

98 366 150 417 405
164 366 236 416 Dum
247 372 369 428 certant,
382 381 446 432 pars
457 367 578 417 excussi:
596 368 670 427 (nam
681 364 825 433 fragmine
834 372 879 433 put

160 436 307 485 Remorum
319 440 348 486 et
359 437 434 486 senio
445 435 516 486 male
527 434 582 484 fida
592 433 729 485 fefellerat
739 434 843 499 arbor)

161 504 230 555 Pars
241 504 341 570 trepidi
353 504 426 555 celso
438 505 509 555 inter
519 504 575 554 tela
585 505 727 554 cacumine
738 504 874 570 pendent.

75 623 87 640 ,
162 574 301 624 Turbatus
313 589 367 624 nna
378 588 529 640 properans
542 587 702 624 consumere
714 578 797 639 peste

164 643 283 709 Corripit
294 650 416 692 aeratam
426 644 481 693 ism
493 642 593 693 dudum
603 642 632 692 in
642 640 716 691 bella
727 641 879 709 bipennem

103 712 152 760 500
162 711 296 779 Deposito
310 710 407 778 clypeo
420 716 540 762 mutatus
552 710 620 772 tela,
632 707 789 777 Sychaeus.

162 782 324 832 incumbunt
335 782 427 832 sociae
437 781 565 843 dextrae,
576 794 731 847 magnoque
742 779 861 849 fragore

162 851 245 902 Pulsa
255 851 354 918 gemit,
366 850 469 902 crebris
481 850 660 901 succumbens
671 849 789 911 ictibus,
802 848 879 899 arbos

164 920 291 969 fluctuat
300 918 395 969 infelix
407 935 540 987 concusso
551 920 643 984 stipite
654 924 750 968 turoaz

163 990 218 1038 Ceu
230 984 373 1053 Zephyrus
386 989 474 1054 quatit
485 989 612 1053 antiquos
623 988 668 1037 ubi
681 986 794 1038 flamine
804 987 879 1039 lucus

104 1058 153 1106 505
167 1055 274 1106 Fronde
286 1070 368 1122 super
378 1056 486 1107 tremuli
499 1057 544 1106 vix
555 1063 616 1106 tota
626 1058 780 1107 cacuminis
790 1055 879 1108 hasra

165 1126 298 1186 lactatur,
310 1124 374 1175 nido
386 1126 490 1191 pariter
496 1131 622 1187 nutante,
634 1118 767 1176 volucris.

164 1194 315 1245 Procubuit
324 1194 435 1246 tandem
446 1195 531 1245 multa
542 1195 651 1245 devicta
659 1195 751 1246 securi

164 1262 315 1330 Suffugium
325 1262 419 1313 infelix
430 1265 536 1314 miseris
547 1270 575 1314 et
584 1263 730 1331 inhospida
742 1280 871 1331 quercus,

165 1332 297 1397 Elisitque
308 1333 396 1380 tirum
407 1334 530 1397 spatiosa
540 1334 661 1384 membra
672 1334 760 1383 ruina.

104 1402 154 1450 510
167 1400 232 1451 lnde
244 1399 313 1450 aliac
326 1400 434 1450 cladum
444 1398 537 1452 facies.
558 1403 734 1453 eontcrmina
745 1403 841 1455 caedis

165 1468 288 1521 Collucet
294 1505 301 1530 ,
314 1469 465 1537 rapidoque
476 1471 622 1522 involvitur
633 1471 760 1523 aesculus
770 1473 838 1541 igni.

164 1540 274 1605 lamque
285 1539 357 1588 inter
368 1538 493 1603 frondes,
506 1542 592 1591 arenti
605 1540 705 1592 robore
717 1540 839 1608 gliscens

165 1607 322 1658 Verticibus
333 1610 435 1671 saeris,
447 1615 558 1677 torquet
568 1610 706 1661 Vulcanus
718 1608 834 1662 anhelos

165 1679 231 1728 Cum
242 1676 350 1728 fervore
357 1679 454 1746 globos
459 1679 637 1748 flammarum,
649 1685 678 1729 et
684 1679 805 1730 culmina
810 1685 879 1730 torre

105 1748 154 1797 515
167 1747 223 1798 Νο0
235 1748 291 1798 tela
301 1747 408 1799 interea
420 1755 536 1800 cessant.
556 1747 683 1799 Semusta
692 1755 862 1816 gementum,

164 1819 251 1884 Atque
263 1817 389 1884 amplexa
400 1819 502 1869 cadunt
512 1819 639 1868 ardentes
652 1833 772 1884 corpora
784 1832 879 1871 ramos

164 1888 243 1938 ilaec
254 1890 327 1938 inter
336 1888 492 1938 miseranda
503 1889 591 1938 virum
602 1889 753 1938 certamina
764 1886 868 1939 Consul

165 1957 237 2006 Ecce
250 1957 359 2016 aderat,
371 1955 482 2006 volvens
491 1957 560 2006 iram
572 1958 738 2024 exitiumque
750 1955 879 2023 Sychaeo

165 2027 198 2074 at
208 2026 313 2074 iuvenis
325 2023 407 2074 dubio
421 2030 514 2075 tantae
525 2025 680 2076 discrimine
692 2042 802 2094 pugnae

105 2095 156 2143 520
167 2095 293 2158 Occupat
305 2098 431 2142 eventum
442 2094 497 2144 telo
509 2101 617 2146 tentare
629 2097 763 2162 priorem;
861 2142 869 2149 .

166 2163 214 2212 Cui
226 2160 316 2210 medio
326 2160 424 2212 leviter
435 2162 532 2230 clypeo
543 2167 621 2215 stetit
631 2167 701 2215 aeris
711 2166 738 2214 in
753 2180 805 2215 ora

166 2229 275 2294 Cuspis,
288 2233 316 2279 et
327 2233 467 2296 oppositas
477 2235 563 2284 vetita
574 2240 616 2285 est
627 2236 784 2285 tramittere
798 2238 879 2285 crater

165 2297 219 2349 Sed
232 2313 285 2347 non
296 2303 324 2347 et
336 2300 436 2350 Consul
447 2303 530 2352 misso
543 2304 709 2354 concredere
721 2303 777 2353 tolo

138 2400 141 2405 -
163 2369 315 2419 Fortunam
326 2374 439 2435 optatae
450 2371 541 2423 caedis
554 2379 647 2439 parat,
658 2388 690 2423 ac
700 2373 772 2424 latus
785 2386 852 2423 ense

106 2438 155 2489 525
167 2437 280 2500 Haurit3
291 2452 342 2487 nce
353 2438 454 2490 crudae
465 2441 608 2492 tardarunt
619 2443 740 2510 tegmina
751 2454 875 2508 pannas.

165 2506 283 2556 Labitur
292 2505 401 2570 infelix,
413 2515 494 2576 atque
507 2513 672 2577 appetitore
685 2516 800 2562 cruento

166 2576 304 2628 Tellurem
317 2579 466 2646 exspirans.
486 2581 573 2642 Tum,
584 2576 752 2631 diffundente
764 2594 816 2645 per
831 2582 879 2631 arb

150 2648 276 2718 Frigore
285 2664 318 2702 sc
331 2647 450 2722 Stygio,
460 2656 623 2703 manantem
629 2650 661 2698 iu
673 2650 784 2697 uiscera
794 2652 879 2697 murts

30 2722 47 2792 g
138 2720 262 2793 Accipit
268 2762 277 2791 ,
291 2730 324 2779 et
335 2725 428 2798 longo
440 2720 592 2791 componit
597 2716 708 2768 lumina
716 2726 830 2763 somna.
