<?xml version="1.0" encoding="UTF-8"?>
<!DOCTYPE html PUBLIC "-//W3C//DTD XHTML 1.0 Transitional//EN"
    "http://www.w3.org/TR/xhtml1/DTD/xhtml1-transitional.dtd">
<html xmlns="http://www.w3.org/1999/xhtml" xml:lang="en" lang="en">
 <head>
  <title>
</title>
<meta http-equiv="Content-Type" content="text/html;charset=utf-8" />
  <meta name='ocr-system' content='tesseract 3.04.00' />
  <meta name='ocr-capabilities' content='ocr_page ocr_carea ocr_par ocr_line ocrx_word'/>
</head>
<body>
  <div class='ocr_page' id='page_1' title='image "./punicorumlibrix00italgoog_0130.png"; bbox 0 0 1920 2962; ppageno 0'>
   <div class='ocr_carea' id='block_1_1' title="bbox 198 154 745 209">
    <p class='ocr_par' dir='ltr' id='par_1_1' title="bbox 198 154 745 209">
     <span class='ocr_line' id='line_1_1' title="bbox 198 154 745 209; baseline 0 -2"><span class='ocrx_word' id='word_1_1' title='bbox 198 160 248 208; x_wconf 70' lang='lat'><strong>12²</strong></span> <span class='ocrx_word' id='word_1_2' title='bbox 388 157 417 207; x_wconf 81' lang='lat' dir='ltr'><strong>C.</strong></span> <span class='ocrx_word' id='word_1_3' title='bbox 447 154 553 209; x_wconf 57' lang='lat' dir='ltr'><strong>Silili</strong></span> <span class='ocrx_word' id='word_1_4' title='bbox 578 154 745 207; x_wconf 73' lang='lat' dir='ltr'><strong>trumo!</strong></span> 
     </span>
    </p>
   </div>
   <div class='ocr_carea' id='block_1_2' title="bbox 132 272 929 2621">
    <p class='ocr_par' dir='ltr' id='par_1_2' title="bbox 137 272 923 548">
     <span class='ocr_line' id='line_1_2' title="bbox 137 272 860 341; baseline 0.003 -14"><span class='ocrx_word' id='word_1_5' title='bbox 137 276 187 327; x_wconf 77' lang='lat' dir='ltr'><strong>alt</strong></span> <span class='ocrx_word' id='word_1_6' title='bbox 200 276 330 327; x_wconf 80' lang='lat' dir='ltr'><strong>Excelsas</strong></span> <span class='ocrx_word' id='word_1_7' title='bbox 341 281 431 325; x_wconf 87' lang='lat' dir='ltr'><strong>turres</strong></span> <span class='ocrx_word' id='word_1_8' title='bbox 441 276 589 327; x_wconf 83' lang='lat' dir='ltr'><strong>immensae</strong></span> <span class='ocrx_word' id='word_1_9' title='bbox 601 272 722 341; x_wconf 82' lang='lat' dir='ltr'><strong>cuspidis</strong></span> <span class='ocrx_word' id='word_1_10' title='bbox 730 272 860 329; x_wconf 72' lang='lat' dir='ltr'><strong>bastani.</strong></span> 
     </span>
     <span class='ocr_line' id='line_1_3' title="bbox 197 342 923 411; baseline 0.01 -17"><span class='ocrx_word' id='word_1_11' title='bbox 197 347 307 411; x_wconf 88' lang='lat' dir='ltr'><strong>lamque</strong></span> <span class='ocrx_word' id='word_1_12' title='bbox 318 344 366 395; x_wconf 90' lang='lat' dir='ltr'><strong>ubi</strong></span> <span class='ocrx_word' id='word_1_13' title='bbox 376 342 490 395; x_wconf 79' lang='lat' dir='ltr'>feralem</span> <span class='ocrx_word' id='word_1_14' title='bbox 500 344 617 409; x_wconf 88' lang='lat' dir='ltr'><strong>strepitu</strong></span> <span class='ocrx_word' id='word_1_15' title='bbox 627 344 819 397; x_wconf 78' lang='lat' dir='ltr'><strong>circumtonat</strong></span> <span class='ocrx_word' id='word_1_16' title='bbox 829 346 923 401; x_wconf 68' lang='lat' dir='ltr'><strong>mu</strong></span> 
     </span>
     <span class='ocr_line' id='line_1_4' title="bbox 197 412 921 485; baseline 0.008 -21"><span class='ocrx_word' id='word_1_17' title='bbox 197 416 303 464; x_wconf 82' lang='lat' dir='ltr'><strong>Cornea</strong></span> <span class='ocrx_word' id='word_1_18' title='bbox 314 415 483 481; x_wconf 69' lang='lat' dir='ltr'><strong>granrimum</strong></span> <span class='ocrx_word' id='word_1_19' title='bbox 493 412 646 479; x_wconf 75' lang='lat' dir='ltr'><strong>persultans</strong></span> <span class='ocrx_word' id='word_1_20' title='bbox 657 412 761 479; x_wconf 80' lang='lat' dir='ltr'><strong>ungula</strong></span> <span class='ocrx_word' id='word_1_21' title='bbox 771 429 921 485; x_wconf 68' lang='lat' dir='ltr'><strong>campum</strong></span> 
     </span>
     <span class='ocr_line' id='line_1_5' title="bbox 196 480 814 548; baseline 0.003 -15"><span class='ocrx_word' id='word_1_22' title='bbox 196 483 321 534; x_wconf 86' lang='lat' dir='ltr'><strong>Percitus</strong></span> <span class='ocrx_word' id='word_1_23' title='bbox 333 481 439 533; x_wconf 83' lang='lat' dir='ltr'><strong>hinnitu</strong></span> <span class='ocrx_word' id='word_1_24' title='bbox 449 496 561 548; x_wconf 87' lang='lat' dir='ltr'><strong>serpens</strong></span> <span class='ocrx_word' id='word_1_25' title='bbox 572 480 706 531; x_wconf 81' lang='lat' dir='ltr'><strong>evolvitur</strong></span> <span class='ocrx_word' id='word_1_26' title='bbox 717 487 814 547; x_wconf 83' lang='lat' dir='ltr'><strong>antro,</strong></span> 
     </span>
    </p>

    <p class='ocr_par' dir='ltr' id='par_1_3' title="bbox 196 549 794 620">
     <span class='ocr_line' id='line_1_6' title="bbox 196 549 794 620; baseline 0 -17"><span class='ocrx_word' id='word_1_27' title='bbox 196 553 232 602; x_wconf 85' lang='lat' dir='ltr'><strong>Et</strong></span> <span class='ocrx_word' id='word_1_28' title='bbox 243 549 356 620; x_wconf 87' lang='lat' dir='ltr'><strong>Stygios</strong></span> <span class='ocrx_word' id='word_1_29' title='bbox 367 556 460 603; x_wconf 87' lang='lat' dir='ltr'><strong>aestus</strong></span> <span class='ocrx_word' id='word_1_30' title='bbox 469 550 586 601; x_wconf 76' lang='lat' dir='ltr'><strong>fumanti</strong></span> <span class='ocrx_word' id='word_1_31' title='bbox 595 549 722 601; x_wconf 79' lang='lat' dir='ltr'><strong>exsibilat</strong></span> <span class='ocrx_word' id='word_1_32' title='bbox 733 565 794 603; x_wconf 86' lang='lat' dir='ltr'><strong>oro.</strong></span> 
     </span>
    </p>

    <p class='ocr_par' dir='ltr' id='par_1_4' title="bbox 135 618 929 945">
     <span class='ocr_line' id='line_1_7' title="bbox 135 618 849 689; baseline 0.003 -18"><span class='ocrx_word' id='word_1_33' title='bbox 135 622 188 671; x_wconf 75' lang='lat'><strong>22⁰</strong></span> <span class='ocrx_word' id='word_1_34' title='bbox 200 621 341 672; x_wconf 87' lang='lat' dir='ltr'><strong>Terribilis</strong></span> <span class='ocrx_word' id='word_1_35' title='bbox 351 621 459 689; x_wconf 87' lang='lat' dir='ltr'><strong>gemino</strong></span> <span class='ocrx_word' id='word_1_36' title='bbox 472 619 505 671; x_wconf 88' lang='lat' dir='ltr'><strong>de</strong></span> <span class='ocrx_word' id='word_1_37' title='bbox 515 619 615 669; x_wconf 88' lang='lat' dir='ltr'><strong>lumine</strong></span> <span class='ocrx_word' id='word_1_38' title='bbox 625 618 747 685; x_wconf 76' lang='lat' dir='ltr'><strong>augurat</strong></span> <span class='ocrx_word' id='word_1_39' title='bbox 757 621 849 688; x_wconf 77' lang='lat' dir='ltr'><strong>ignis:</strong></span> 
     </span>
     <span class='ocr_line' id='line_1_8' title="bbox 197 688 897 754; baseline 0.007 -14"><span class='ocrx_word' id='word_1_40' title='bbox 197 692 232 740; x_wconf 78' lang='lat' dir='ltr'><strong>at</strong></span> <span class='ocrx_word' id='word_1_41' title='bbox 243 705 337 741; x_wconf 87' lang='lat' dir='ltr'><strong>nemus</strong></span> <span class='ocrx_word' id='word_1_42' title='bbox 349 695 474 740; x_wconf 77' lang='lat' dir='ltr'><strong>arrectae</strong></span> <span class='ocrx_word' id='word_1_43' title='bbox 485 694 514 740; x_wconf 87' lang='lat' dir='ltr'><strong>et</strong></span> <span class='ocrx_word' id='word_1_44' title='bbox 523 702 639 754; x_wconf 85' lang='lat' dir='ltr'><strong>procera</strong></span> <span class='ocrx_word' id='word_1_45' title='bbox 650 688 799 743; x_wconf 84' lang='lat' dir='ltr'><strong>cacumina</strong></span> <span class='ocrx_word' id='word_1_46' title='bbox 808 690 897 745; x_wconf 69' lang='lat' dir='ltr'><strong>aalma</strong></span> 
     </span>
     <span class='ocr_line' id='line_1_9' title="bbox 197 756 885 825; baseline 0.004 -15"><span class='ocrx_word' id='word_1_47' title='bbox 197 758 371 825; x_wconf 83' lang='lat' dir='ltr'><strong>Exsuperant</strong></span> <span class='ocrx_word' id='word_1_48' title='bbox 382 759 495 823; x_wconf 87' lang='lat' dir='ltr'><strong>cristae;</strong></span> <span class='ocrx_word' id='word_1_49' title='bbox 514 757 606 809; x_wconf 80' lang='lat' dir='ltr'><strong>trifido</strong></span> <span class='ocrx_word' id='word_1_50' title='bbox 618 756 726 809; x_wconf 81' lang='lat' dir='ltr'><strong>vibrata</strong></span> <span class='ocrx_word' id='word_1_51' title='bbox 735 772 789 824; x_wconf 91' lang='lat' dir='ltr'><strong>per</strong></span> <span class='ocrx_word' id='word_1_52' title='bbox 799 774 885 813; x_wconf 78' lang='lat' dir='ltr'><strong>aures</strong></span> 
     </span>
     <span class='ocr_line' id='line_1_10' title="bbox 196 825 929 945; baseline 0.004 -67"><span class='ocrx_word' id='word_1_53' title='bbox 196 828 305 896; x_wconf 81' lang='lat' dir='ltr'><strong>Lingua</strong></span> <span class='ocrx_word' id='word_1_54' title='bbox 315 829 399 880; x_wconf 80' lang='lat' dir='ltr'><strong>nricat</strong></span> <span class='ocrx_word' id='word_1_55' title='bbox 409 833 494 890; x_wconf 85' lang='lat' dir='ltr'><strong>motu,</strong></span> <span class='ocrx_word' id='word_1_56' title='bbox 507 834 587 895; x_wconf 86' lang='lat' dir='ltr'><strong>atque</strong></span> <span class='ocrx_word' id='word_1_57' title='bbox 599 825 734 945; x_wconf 45' lang='lat' dir='ltr'><strong>atingani</strong></span> <span class='ocrx_word' id='word_1_58' title='bbox 744 826 929 881; x_wconf 70' lang='lat' dir='ltr'><strong>aetherales·</strong></span> 
     </span>
    </p>

    <p class='ocr_par' dir='ltr' id='par_1_5' title="bbox 197 896 845 1030">
     <span class='ocr_line' id='line_1_11' title="bbox 689 896 720 946; baseline 0.032 -1"><span class='ocrx_word' id='word_1_59' title='bbox 689 896 720 946; x_wconf 90' lang='lat' dir='ltr'><strong>it.</strong></span> 
     </span>
     <span class='ocr_line' id='line_1_12' title="bbox 197 965 845 1030; baseline 0.005 -14"><span class='ocrx_word' id='word_1_60' title='bbox 197 967 232 1016; x_wconf 93' lang='lat' dir='ltr'><strong>Ut</strong></span> <span class='ocrx_word' id='word_1_61' title='bbox 242 979 308 1015; x_wconf 87' lang='lat' dir='ltr'><strong>vero</strong></span> <span class='ocrx_word' id='word_1_62' title='bbox 320 970 462 1030; x_wconf 83' lang='lat' dir='ltr'><strong>strepuere</strong></span> <span class='ocrx_word' id='word_1_63' title='bbox 472 965 563 1026; x_wconf 84' lang='lat' dir='ltr'><strong>tubae,</strong></span> <span class='ocrx_word' id='word_1_64' title='bbox 575 965 739 1017; x_wconf 83' lang='lat' dir='ltr'><strong>conterritus</strong></span> <span class='ocrx_word' id='word_1_65' title='bbox 750 966 808 1019; x_wconf 81' lang='lat' dir='ltr'><strong>alto</strong></span> <span class='ocrx_word' id='word_1_66' title='bbox 840 1000 845 1007; x_wconf 94' lang='lat'>-</span> 
     </span>
    </p>

    <p class='ocr_par' dir='ltr' id='par_1_6' title="bbox 135 1032 887 1377">
     <span class='ocr_line' id='line_1_13' title="bbox 135 1032 877 1100; baseline 0.005 -15"><span class='ocrx_word' id='word_1_67' title='bbox 135 1037 186 1087; x_wconf 78' lang='lat'><strong>225</strong></span> <span class='ocrx_word' id='word_1_68' title='bbox 197 1035 361 1083; x_wconf 86' lang='lat' dir='ltr'><strong>immensum</strong></span> <span class='ocrx_word' id='word_1_69' title='bbox 373 1032 473 1083; x_wconf 91' lang='lat' dir='ltr'><strong>attollit</strong></span> <span class='ocrx_word' id='word_1_70' title='bbox 484 1048 592 1099; x_wconf 89' lang='lat' dir='ltr'><strong>corpus,</strong></span> <span class='ocrx_word' id='word_1_71' title='bbox 602 1038 736 1100; x_wconf 85' lang='lat' dir='ltr'><strong>tergoque</strong></span> <span class='ocrx_word' id='word_1_72' title='bbox 748 1034 877 1089; x_wconf 83' lang='lat' dir='ltr'><strong>residens</strong></span> 
     </span>
     <span class='ocr_line' id='line_1_14' title="bbox 197 1101 849 1172; baseline 0.006 -19"><span class='ocrx_word' id='word_1_73' title='bbox 197 1105 295 1154; x_wconf 83' lang='lat' dir='ltr'><strong>cetera</strong></span> <span class='ocrx_word' id='word_1_74' title='bbox 305 1102 419 1153; x_wconf 88' lang='lat' dir='ltr'><strong>sinuatis</strong></span> <span class='ocrx_word' id='word_1_75' title='bbox 428 1101 563 1168; x_wconf 83' lang='lat' dir='ltr'><strong>glomerat</strong></span> <span class='ocrx_word' id='word_1_76' title='bbox 574 1101 623 1152; x_wconf 86' lang='lat' dir='ltr'><strong>sub</strong></span> <span class='ocrx_word' id='word_1_77' title='bbox 635 1108 748 1167; x_wconf 86' lang='lat' dir='ltr'><strong>pectore</strong></span> <span class='ocrx_word' id='word_1_78' title='bbox 758 1106 849 1172; x_wconf 82' lang='lat' dir='ltr'><strong>gyris.</strong></span> 
     </span>
     <span class='ocr_line' id='line_1_15' title="bbox 196 1170 879 1238; baseline 0.006 -15"><span class='ocrx_word' id='word_1_79' title='bbox 196 1173 264 1223; x_wconf 87' lang='lat' dir='ltr'><strong>Dira</strong></span> <span class='ocrx_word' id='word_1_80' title='bbox 275 1171 373 1223; x_wconf 91' lang='lat' dir='ltr'><strong>dehinc</strong></span> <span class='ocrx_word' id='word_1_81' title='bbox 382 1173 411 1222; x_wconf 88' lang='lat' dir='ltr'><strong>in</strong></span> <span class='ocrx_word' id='word_1_82' title='bbox 422 1170 494 1222; x_wconf 89' lang='lat' dir='ltr'><strong>bella</strong></span> <span class='ocrx_word' id='word_1_83' title='bbox 504 1172 566 1234; x_wconf 89' lang='lat' dir='ltr'><strong>ruit,</strong></span> <span class='ocrx_word' id='word_1_84' title='bbox 577 1171 726 1238; x_wconf 81' lang='lat' dir='ltr'><strong>rapideque</strong></span> <span class='ocrx_word' id='word_1_85' title='bbox 736 1174 879 1227; x_wconf 76' lang='lat' dir='ltr'><strong>resolvam</strong></span> 
     </span>
     <span class='ocr_line' id='line_1_16' title="bbox 196 1240 781 1307; baseline 0 -15"><span class='ocrx_word' id='word_1_86' title='bbox 196 1245 343 1292; x_wconf 83' lang='lat' dir='ltr'><strong>Contortos</strong></span> <span class='ocrx_word' id='word_1_87' title='bbox 355 1242 436 1292; x_wconf 85' lang='lat' dir='ltr'><strong>orbos</strong></span> <span class='ocrx_word' id='word_1_88' title='bbox 447 1240 552 1291; x_wconf 87' lang='lat' dir='ltr'><strong>directo</strong></span> <span class='ocrx_word' id='word_1_89' title='bbox 563 1255 679 1307; x_wconf 86' lang='lat' dir='ltr'><strong>corpore</strong></span> <span class='ocrx_word' id='word_1_90' title='bbox 689 1246 781 1292; x_wconf 89' lang='lat' dir='ltr'><strong>totam</strong></span> 
     </span>
     <span class='ocr_line' id='line_1_17' title="bbox 197 1309 887 1377; baseline 0.01 -17"><span class='ocrx_word' id='word_1_91' title='bbox 197 1311 327 1360; x_wconf 83' lang='lat' dir='ltr'><strong>Extendit</strong></span> <span class='ocrx_word' id='word_1_92' title='bbox 337 1310 446 1372; x_wconf 88' lang='lat' dir='ltr'><strong>molem,</strong></span> <span class='ocrx_word' id='word_1_93' title='bbox 458 1309 603 1376; x_wconf 86' lang='lat' dir='ltr'><strong>subitoque</strong></span> <span class='ocrx_word' id='word_1_94' title='bbox 615 1311 785 1377; x_wconf 87' lang='lat' dir='ltr'><strong>propinquus</strong></span> <span class='ocrx_word' id='word_1_95' title='bbox 794 1312 824 1363; x_wconf 91' lang='lat' dir='ltr'><strong>in</strong></span> <span class='ocrx_word' id='word_1_96' title='bbox 836 1326 887 1367; x_wconf 75' lang='lat' dir='ltr'><strong>on</strong></span> 
     </span>
    </p>

    <p class='ocr_par' dir='ltr' id='par_1_7' title="bbox 136 1378 895 1723">
     <span class='ocr_line' id='line_1_18' title="bbox 136 1378 856 1444; baseline 0.007 -15"><span class='ocrx_word' id='word_1_97' title='bbox 136 1381 185 1431; x_wconf 81' lang='lat'><strong>230</strong></span> <span class='ocrx_word' id='word_1_98' title='bbox 196 1379 269 1429; x_wconf 87' lang='lat' dir='ltr'><strong>Lato</strong></span> <span class='ocrx_word' id='word_1_99' title='bbox 281 1379 428 1429; x_wconf 87' lang='lat' dir='ltr'><strong>distantum</strong></span> <span class='ocrx_word' id='word_1_100' title='bbox 439 1379 528 1444; x_wconf 86' lang='lat' dir='ltr'><strong>spatio</strong></span> <span class='ocrx_word' id='word_1_101' title='bbox 539 1379 624 1429; x_wconf 85' lang='lat' dir='ltr'><strong>venit:</strong></span> <span class='ocrx_word' id='word_1_102' title='bbox 645 1380 732 1431; x_wconf 89' lang='lat' dir='ltr'><strong>omnis</strong></span> <span class='ocrx_word' id='word_1_103' title='bbox 742 1378 856 1435; x_wconf 79' lang='lat' dir='ltr'><strong>anhelat</strong></span> 
     </span>
     <span class='ocr_line' id='line_1_19' title="bbox 195 1447 831 1515; baseline 0.009 -18"><span class='ocrx_word' id='word_1_104' title='bbox 195 1448 333 1498; x_wconf 80' lang='lat' dir='ltr'><strong>Attonitus</strong></span> <span class='ocrx_word' id='word_1_105' title='bbox 345 1448 478 1513; x_wconf 87' lang='lat' dir='ltr'><strong>serpentis</strong></span> <span class='ocrx_word' id='word_1_106' title='bbox 491 1461 584 1513; x_wconf 87' lang='lat' dir='ltr'><strong>equus,</strong></span> <span class='ocrx_word' id='word_1_107' title='bbox 598 1447 730 1515; x_wconf 86' lang='lat' dir='ltr'><strong>frenoque</strong></span> <span class='ocrx_word' id='word_1_108' title='bbox 739 1452 831 1503; x_wconf 85' lang='lat' dir='ltr'><strong>tenori</strong></span> 
     </span>
     <span class='ocr_line' id='line_1_20' title="bbox 194 1516 823 1586; baseline 0.008 -20"><span class='ocrx_word' id='word_1_109' title='bbox 194 1518 351 1582; x_wconf 84' lang='lat' dir='ltr'><strong>Impatiens,</strong></span> <span class='ocrx_word' id='word_1_110' title='bbox 363 1517 474 1567; x_wconf 84' lang='lat' dir='ltr'><strong>crebros</strong></span> <span class='ocrx_word' id='word_1_111' title='bbox 484 1517 605 1583; x_wconf 83' lang='lat' dir='ltr'><strong>exspirat</strong></span> <span class='ocrx_word' id='word_1_112' title='bbox 616 1516 725 1569; x_wconf 86' lang='lat' dir='ltr'><strong>naribus</strong></span> <span class='ocrx_word' id='word_1_113' title='bbox 734 1519 823 1586; x_wconf 83' lang='lat' dir='ltr'><strong>ignes.</strong></span> 
     </span>
     <span class='ocr_line' id='line_1_21' title="bbox 194 1586 834 1652; baseline 0.009 -17"><span class='ocrx_word' id='word_1_114' title='bbox 194 1586 300 1637; x_wconf 77' lang='lat' dir='ltr'><strong>Arduus</strong></span> <span class='ocrx_word' id='word_1_115' title='bbox 308 1586 354 1636; x_wconf 88' lang='lat' dir='ltr'><strong>ille</strong></span> <span class='ocrx_word' id='word_1_116' title='bbox 365 1601 448 1652; x_wconf 84' lang='lat' dir='ltr'><strong>super</strong></span> <span class='ocrx_word' id='word_1_117' title='bbox 459 1587 570 1637; x_wconf 85' lang='lat' dir='ltr'><strong>tumidis</strong></span> <span class='ocrx_word' id='word_1_118' title='bbox 583 1586 735 1639; x_wconf 85' lang='lat' dir='ltr'><strong>cervicibus</strong></span> <span class='ocrx_word' id='word_1_119' title='bbox 745 1588 834 1641; x_wconf 82' lang='lat' dir='ltr'><strong>ultum</strong></span> 
     </span>
     <span class='ocr_line' id='line_1_22' title="bbox 194 1655 895 1723; baseline 0.007 -19"><span class='ocrx_word' id='word_1_120' title='bbox 194 1655 279 1706; x_wconf 81' lang='lat' dir='ltr'><strong>Nutat</strong></span> <span class='ocrx_word' id='word_1_121' title='bbox 289 1661 405 1723; x_wconf 90' lang='lat' dir='ltr'><strong>atroque</strong></span> <span class='ocrx_word' id='word_1_122' title='bbox 418 1660 513 1721; x_wconf 87' lang='lat' dir='ltr'><strong>caput:</strong></span> <span class='ocrx_word' id='word_1_123' title='bbox 535 1656 656 1721; x_wconf 85' lang='lat' dir='ltr'><strong>trepidos</strong></span> <span class='ocrx_word' id='word_1_124' title='bbox 666 1655 729 1711; x_wconf 81' lang='lat' dir='ltr'><strong>inde</strong></span> <span class='ocrx_word' id='word_1_125' title='bbox 738 1658 841 1711; x_wconf 79' lang='lat' dir='ltr'><strong>incitus</strong></span> <span class='ocrx_word' id='word_1_126' title='bbox 855 1659 895 1711; x_wconf 81' lang='lat' dir='ltr'><strong>in</strong></span> 
     </span>
    </p>

    <p class='ocr_par' dir='ltr' id='par_1_8' title="bbox 132 1725 921 2070">
     <span class='ocr_line' id='line_1_23' title="bbox 132 1725 909 1796; baseline 0.004 -20"><span class='ocrx_word' id='word_1_127' title='bbox 132 1726 183 1777; x_wconf 78' lang='lat'><strong>235</strong></span> <span class='ocrx_word' id='word_1_128' title='bbox 195 1725 273 1777; x_wconf 86' lang='lat' dir='ltr'><strong>Nunc</strong></span> <span class='ocrx_word' id='word_1_129' title='bbox 285 1726 397 1777; x_wconf 87' lang='lat' dir='ltr'><strong>sublime</strong></span> <span class='ocrx_word' id='word_1_130' title='bbox 409 1726 495 1792; x_wconf 85' lang='lat' dir='ltr'><strong>rapit,</strong></span> <span class='ocrx_word' id='word_1_131' title='bbox 507 1740 578 1775; x_wconf 88' lang='lat' dir='ltr'><strong>nunc</strong></span> <span class='ocrx_word' id='word_1_132' title='bbox 588 1730 666 1776; x_wconf 84' lang='lat' dir='ltr'><strong>vasto</strong></span> <span class='ocrx_word' id='word_1_133' title='bbox 677 1726 801 1791; x_wconf 86' lang='lat' dir='ltr'><strong>pondere</strong></span> <span class='ocrx_word' id='word_1_134' title='bbox 811 1726 909 1796; x_wconf 77' lang='lat' dir='ltr'><strong>gautlet</strong></span> 
     </span>
     <span class='ocr_line' id='line_1_24' title="bbox 195 1793 887 1862; baseline 0.006 -16"><span class='ocrx_word' id='word_1_135' title='bbox 195 1796 304 1848; x_wconf 82' lang='lat' dir='ltr'><strong>Elisisse</strong></span> <span class='ocrx_word' id='word_1_136' title='bbox 317 1810 451 1862; x_wconf 89' lang='lat' dir='ltr'><strong>premens.</strong></span> <span class='ocrx_word' id='word_1_137' title='bbox 480 1795 559 1844; x_wconf 85' lang='lat' dir='ltr'><strong>&#39;l&#39;unc</strong></span> <span class='ocrx_word' id='word_1_138' title='bbox 569 1793 664 1845; x_wconf 85' lang='lat' dir='ltr'><strong>fractis</strong></span> <span class='ocrx_word' id='word_1_139' title='bbox 678 1794 786 1847; x_wconf 87' lang='lat' dir='ltr'><strong>ossibus</strong></span> <span class='ocrx_word' id='word_1_140' title='bbox 798 1802 887 1849; x_wconf 76' lang='lat' dir='ltr'><strong>atram</strong></span> 
     </span>
     <span class='ocr_line' id='line_1_25' title="bbox 192 1863 852 1931; baseline 0.003 -16"><span class='ocrx_word' id='word_1_141' title='bbox 192 1867 327 1917; x_wconf 72' lang='lat' dir='ltr'><strong>absorbet</strong></span> <span class='ocrx_word' id='word_1_142' title='bbox 338 1867 449 1928; x_wconf 81' lang='lat' dir='ltr'><strong>saniem,</strong></span> <span class='ocrx_word' id='word_1_143' title='bbox 462 1869 503 1927; x_wconf 88' lang='lat' dir='ltr'><strong>et,</strong></span> <span class='ocrx_word' id='word_1_144' title='bbox 514 1863 579 1914; x_wconf 93' lang='lat' dir='ltr'><strong>tabo</strong></span> <span class='ocrx_word' id='word_1_145' title='bbox 590 1870 718 1915; x_wconf 85' lang='lat' dir='ltr'><strong>manante</strong></span> <span class='ocrx_word' id='word_1_146' title='bbox 730 1879 781 1931; x_wconf 91' lang='lat' dir='ltr'><strong>per</strong></span> <span class='ocrx_word' id='word_1_147' title='bbox 792 1882 852 1931; x_wconf 80' lang='lat' dir='ltr'><strong>ora,</strong></span> 
     </span>
     <span class='ocr_line' id='line_1_26' title="bbox 192 1932 921 2005; baseline 0.007 -22"><span class='ocrx_word' id='word_1_148' title='bbox 192 1932 489 1995; x_wconf 81' lang='lat' dir='ltr'><strong>Mutathlanshostem,</strong></span> <span class='ocrx_word' id='word_1_149' title='bbox 497 1948 657 1999; x_wconf 86' lang='lat' dir='ltr'><strong>semesaque</strong></span> <span class='ocrx_word' id='word_1_150' title='bbox 664 1933 921 2005; x_wconf 70' lang='lat' dir='ltr'><strong>membrarelinth·</strong></span> 
     </span>
     <span class='ocr_line' id='line_1_27' title="bbox 193 2001 872 2070; baseline 0.009 -19"><span class='ocrx_word' id='word_1_151' title='bbox 193 2001 331 2052; x_wconf 85' lang='lat' dir='ltr'><strong>cedebant</strong></span> <span class='ocrx_word' id='word_1_152' title='bbox 339 2004 393 2050; x_wconf 86' lang='lat' dir='ltr'><strong>iam</strong></span> <span class='ocrx_word' id='word_1_153' title='bbox 405 2003 483 2067; x_wconf 85' lang='lat' dir='ltr'><strong>signa</strong></span> <span class='ocrx_word' id='word_1_154' title='bbox 493 2009 576 2065; x_wconf 85' lang='lat' dir='ltr'><strong>retro,</strong></span> <span class='ocrx_word' id='word_1_155' title='bbox 588 2003 730 2070; x_wconf 80' lang='lat' dir='ltr'><strong>victorque</strong></span> <span class='ocrx_word' id='word_1_156' title='bbox 743 2011 872 2057; x_wconf 80' lang='lat' dir='ltr'><strong>catervas</strong></span> 
     </span>
    </p>

    <p class='ocr_par' dir='ltr' id='par_1_9' title="bbox 132 2069 914 2208">
     <span class='ocr_line' id='line_1_28' title="bbox 132 2069 815 2141; baseline 0.007 -22"><span class='ocrx_word' id='word_1_157' title='bbox 132 2072 182 2119; x_wconf 80' lang='lat'><strong>240</strong></span> <span class='ocrx_word' id='word_1_158' title='bbox 193 2070 314 2136; x_wconf 83' lang='lat' dir='ltr'><strong>Longius</strong></span> <span class='ocrx_word' id='word_1_159' title='bbox 327 2075 436 2119; x_wconf 80' lang='lat' dir='ltr'><strong>avectae</strong></span> <span class='ocrx_word' id='word_1_160' title='bbox 448 2069 556 2121; x_wconf 84' lang='lat' dir='ltr'><strong>afflatus</strong></span> <span class='ocrx_word' id='word_1_161' title='bbox 568 2076 646 2137; x_wconf 84' lang='lat' dir='ltr'><strong>peste</strong></span> <span class='ocrx_word' id='word_1_162' title='bbox 657 2072 815 2141; x_wconf 79' lang='lat' dir='ltr'><strong>premebat3</strong></span> 
     </span>
     <span class='ocr_line' id='line_1_29' title="bbox 194 2138 914 2208; baseline 0.015 -22"><span class='ocrx_word' id='word_1_163' title='bbox 194 2139 261 2187; x_wconf 90' lang='lat' dir='ltr'><strong>Cum</strong></span> <span class='ocrx_word' id='word_1_164' title='bbox 276 2138 388 2200; x_wconf 87' lang='lat' dir='ltr'><strong>ductor,</strong></span> <span class='ocrx_word' id='word_1_165' title='bbox 403 2153 520 2205; x_wconf 85' lang='lat' dir='ltr'><strong>propere</strong></span> <span class='ocrx_word' id='word_1_166' title='bbox 535 2147 691 2191; x_wconf 75' lang='lat' dir='ltr'><strong>reuocatam</strong></span> <span class='ocrx_word' id='word_1_167' title='bbox 709 2143 736 2192; x_wconf 93' lang='lat' dir='ltr'><strong>in</strong></span> <span class='ocrx_word' id='word_1_168' title='bbox 752 2144 861 2208; x_wconf 80' lang='lat' dir='ltr'><strong>proelia</strong></span> <span class='ocrx_word' id='word_1_169' title='bbox 873 2148 914 2197; x_wconf 81' lang='lat' dir='ltr'><strong>tur</strong></span> 
     </span>
    </p>

    <p class='ocr_par' dir='ltr' id='par_1_10' title="bbox 191 2226 923 2480">
     <span class='ocr_line' id='line_1_30' title="bbox 666 2226 737 2260; baseline 0 0"><span class='ocrx_word' id='word_1_170' title='bbox 666 2226 737 2260; x_wconf 89' lang='lat' dir='ltr'><strong>mam</strong></span> 
     </span>
     <span class='ocr_line' id='line_1_31' title="bbox 191 2272 824 2346; baseline 0.011 -21"><span class='ocrx_word' id='word_1_171' title='bbox 191 2272 313 2325; x_wconf 87' lang='lat' dir='ltr'><strong>Vocibus</strong></span> <span class='ocrx_word' id='word_1_172' title='bbox 323 2275 472 2342; x_wconf 87' lang='lat' dir='ltr'><strong>impellens,</strong></span> <span class='ocrx_word' id='word_1_173' title='bbox 484 2275 645 2343; x_wconf 85' lang='lat' dir='ltr'><strong>Serpentine</strong></span> <span class='ocrx_word' id='word_1_174' title='bbox 656 2280 726 2329; x_wconf 91' lang='lat' dir='ltr'><strong>ltala</strong></span> <span class='ocrx_word' id='word_1_175' title='bbox 737 2281 824 2346; x_wconf 89' lang='lat' dir='ltr'><strong>pubes</strong></span> 
     </span>
     <span class='ocr_line' id='line_1_32' title="bbox 192 2343 923 2430; baseline 0.012 -38"><span class='ocrx_word' id='word_1_176' title='bbox 192 2344 285 2411; x_wconf 88' lang='lat' dir='ltr'><strong>Terga</strong></span> <span class='ocrx_word' id='word_1_177' title='bbox 296 2343 400 2404; x_wconf 89' lang='lat' dir='ltr'><strong>damus,</strong></span> <span class='ocrx_word' id='word_1_178' title='bbox 407 2344 674 2430; x_wconf 62' lang='lat' dir='ltr'><strong>Libyeistpueparem</strong></span> <span class='ocrx_word' id='word_1_179' title='bbox 681 2364 735 2400; x_wconf 89' lang='lat' dir='ltr'><strong>non</strong></span> <span class='ocrx_word' id='word_1_180' title='bbox 743 2350 923 2405; x_wconf 78' lang='lat' dir='ltr'><strong>esscfatetnur</strong></span> 
     </span>
     <span class='ocr_line' id='line_1_33' title="bbox 191 2411 824 2480; baseline 0.017 -20"><span class='ocrx_word' id='word_1_181' title='bbox 191 2412 326 2480; x_wconf 74' lang='lat' dir='ltr'><strong>Anguibus</strong></span> <span class='ocrx_word' id='word_1_182' title='bbox 335 2411 498 2464; x_wconf 63' lang='lat' dir='ltr'><strong>Ausoniam?</strong></span> <span class='ocrx_word' id='word_1_183' title='bbox 526 2415 554 2465; x_wconf 71' lang='lat' dir='ltr'><strong>si</strong></span> <span class='ocrx_word' id='word_1_184' title='bbox 566 2415 710 2468; x_wconf 80' lang='lat' dir='ltr'><strong>debellarit</strong></span> <span class='ocrx_word' id='word_1_185' title='bbox 720 2419 824 2472; x_wconf 77' lang='lat' dir='ltr'><strong>inertes</strong></span> 
     </span>
    </p>

    <p class='ocr_par' dir='ltr' id='par_1_11' title="bbox 133 2479 908 2621">
     <span class='ocr_line' id='line_1_34' title="bbox 133 2479 828 2555; baseline 0.019 -28"><span class='ocrx_word' id='word_1_186' title='bbox 133 2479 183 2528; x_wconf 81' lang='lat'><strong>245</strong></span> <span class='ocrx_word' id='word_1_187' title='bbox 195 2482 313 2545; x_wconf 88' lang='lat' dir='ltr'><strong>Halitus,</strong></span> <span class='ocrx_word' id='word_1_188' title='bbox 326 2498 359 2532; x_wconf 89' lang='lat' dir='ltr'><strong>ac</strong></span> <span class='ocrx_word' id='word_1_189' title='bbox 369 2483 427 2533; x_wconf 86' lang='lat' dir='ltr'><strong>viso</strong></span> <span class='ocrx_word' id='word_1_190' title='bbox 439 2497 514 2534; x_wconf 89' lang='lat' dir='ltr'><strong>mens</strong></span> <span class='ocrx_word' id='word_1_191' title='bbox 527 2499 609 2552; x_wconf 86' lang='lat' dir='ltr'><strong>aegra</strong></span> <span class='ocrx_word' id='word_1_192' title='bbox 620 2485 726 2537; x_wconf 84' lang='lat' dir='ltr'><strong>effluxit</strong></span> <span class='ocrx_word' id='word_1_193' title='bbox 735 2485 828 2555; x_wconf 79' lang='lat' dir='ltr'><strong>hiatu3</strong></span> 
     </span>
     <span class='ocr_line' id='line_1_35' title="bbox 191 2549 908 2621; baseline 0.021 -23"><span class='ocrx_word' id='word_1_194' title='bbox 191 2549 238 2599; x_wconf 94' lang='lat' dir='ltr'><strong>lbo</strong></span> <span class='ocrx_word' id='word_1_195' title='bbox 250 2549 354 2614; x_wconf 81' lang='lat' dir='ltr'><strong>alacer,</strong></span> <span class='ocrx_word' id='word_1_196' title='bbox 366 2551 493 2619; x_wconf 83' lang='lat' dir='ltr'><strong>solusque</strong></span> <span class='ocrx_word' id='word_1_197' title='bbox 503 2568 598 2605; x_wconf 86' lang='lat' dir='ltr'><strong>manus</strong></span> <span class='ocrx_word' id='word_1_198' title='bbox 610 2570 775 2621; x_wconf 86' lang='lat' dir='ltr'><strong>componere</strong></span> <span class='ocrx_word' id='word_1_199' title='bbox 786 2564 908 2613; x_wconf 80' lang='lat' dir='ltr'><strong>monstrt</strong></span> 
     </span>
    </p>
   </div>
   <div class='ocr_carea' id='block_1_3' title="bbox 176 2616 943 2761">
    <p class='ocr_par' dir='ltr' id='par_1_12' title="bbox 176 2616 943 2761">
     <span class='ocr_line' id='line_1_36' title="bbox 185 2616 943 2693; baseline 0.015 -24"><span class='ocrx_word' id='word_1_200' title='bbox 185 2616 338 2674; x_wconf 80' lang='lat' dir='ltr'><strong>Sufficiam.</strong></span> <span class='ocrx_word' id='word_1_201' title='bbox 361 2620 489 2675; x_wconf 77' lang='lat' dir='ltr'><strong>clamans</strong></span> <span class='ocrx_word' id='word_1_202' title='bbox 496 2620 569 2673; x_wconf 84' lang='lat' dir='ltr'><strong>bace</strong></span> <span class='ocrx_word' id='word_1_203' title='bbox 576 2628 659 2690; x_wconf 65' lang='lat' dir='ltr'><strong>atque</strong></span> <span class='ocrx_word' id='word_1_204' title='bbox 668 2624 811 2679; x_wconf 84' lang='lat' dir='ltr'><strong>interritus</strong></span> <span class='ocrx_word' id='word_1_205' title='bbox 820 2626 924 2683; x_wconf 70' lang='lat' dir='ltr'><strong>lura</strong></span> <span class='ocrx_word' id='word_1_206' title='bbox 939 2686 943 2693; x_wconf 56' lang='grc'><em>,</em></span> 
     </span>
     <span class='ocr_line' id='line_1_37' title="bbox 176 2691 896 2761; baseline 0.003 -18"><span class='ocrx_word' id='word_1_207' title='bbox 176 2691 329 2751; x_wconf 81' lang='lat' dir='ltr'><strong>Fulmineo</strong></span> <span class='ocrx_word' id='word_1_208' title='bbox 341 2695 492 2751; x_wconf 83' lang='lat' dir='ltr'><strong>volucrem</strong></span> <span class='ocrx_word' id='word_1_209' title='bbox 499 2696 617 2760; x_wconf 74' lang='lat' dir='ltr'><strong>torquet</strong></span> <span class='ocrx_word' id='word_1_210' title='bbox 624 2691 896 2761; x_wconf 57' lang='lat' dir='ltr'><strong>paria-ammessia,</strong></span> 
     </span>
    </p>
   </div>
   <div class='ocr_carea' id='block_1_4' title="bbox 0 0 964 2962">
    <p class='ocr_par' dir='ltr' id='par_1_13' title="bbox 0 0 964 2962">
     <span class='ocr_line' id='line_1_38' title="bbox 0 0 964 2962; baseline 0 1"><span class='ocrx_word' id='word_1_211' title='bbox 0 0 964 2962; x_wconf 95' lang='lat' dir='ltr'><strong> </strong></span> 
     </span>
    </p>
   </div>
  </div>
 </body>
</html>
