1920 2962
118 154 375 209 rurrconnu
398 156 478 209 nin.
503 159 578 211 xur.
675 161 726 237 ass

54 282 153 328 lentata
163 275 223 327 diu!
236 277 324 338 Quam
334 292 421 343 paene
432 279 540 328 ruentia
549 285 640 331 tecum

54 347 108 397 sisti
120 346 154 395 ad
167 344 278 414 Stygias
290 347 424 397 Oenotria
435 351 511 396 tecta
519 347 659 401 tenebrosi

54 416 118 467 itibi
129 414 259 466 defuncto
270 415 404 466 tumulum
415 413 542 466 Sidonius
553 414 640 468 hostis

54 486 142 547 rtituit,
153 484 317 552 laudemque
327 491 375 535 tuo
388 485 522 552 quaesivit
532 483 645 536 honore.
734 487 784 540 715

54 570 113 622 ique
124 554 200 604 audit
210 554 355 605 lacrimans
368 552 479 606 hostilia
491 551 588 606 funera
599 554 719 619 Paullus,

75 624 169 676 oculos
189 625 244 674 iam
263 623 425 686 Flaminius,
446 625 501 674 iam
519 623 676 685 Gracchus,
697 631 726 676 ct

461 707 493 743 ae
529 708 545 744 o

54 768 131 813 initus
144 764 241 813 Cannis
254 763 346 812 stabat
358 759 486 813 Servilius
495 708 554 812 gie.

54 832 130 882 ellare
142 833 216 882 viros
229 837 290 880 erat
301 831 392 892 ardor,
402 837 432 882 et
442 831 543 881 addere
553 831 650 882 rerba:

54 900 181 967 raptabat
192 915 269 951 amor
279 902 385 967 priscos
397 914 566 968 cognoscere
577 914 681 951 manes.
733 902 785 954 ¹120

54 987 63 1020 c
75 972 202 1021 meritum
214 985 297 1021 saeva
307 969 422 1020 Brutum
432 970 588 1021 immortale
599 970 689 1022 securi

54 1055 105 1102 len,
126 1055 197 1090 nunc
214 1038 334 1106 Superos
352 1045 515 1107 aequantem
530 1040 611 1090 laud'e
628 1040 725 1091 Camil-

458 1108 524 1171 lum,

54 1195 64 1228 c
77 1192 144 1228 auro
156 1178 267 1226 Curium
277 1191 332 1227 non
342 1191 461 1244 unquam
474 1178 561 1228 cernit
573 1179 698 1228 enricum.

56 1245 160 1311 Sibylla
172 1246 254 1296 docet
261 1247 426 1306 venientum,
439 1251 467 1296 et
477 1248 588 1297 nomina
598 1247 701 1314 pandit.

54 1315 163 1366 fraudes
174 1317 251 1383 pacis
262 1314 452 1383 Pyrrhumque
465 1331 482 1366 a
490 1315 583 1368 limine
594 1320 692 1385 portae
732 1318 785 1370 ‘1²5

58 1387 103 1448 cit,
115 1387 187 1436 visus
200 1385 290 1437 orbus.
322 1385 398 1436 Tulit
407 1385 452 1436 ille
462 1391 586 1438 ruentem

54 1455 135 1506 bridis
145 1457 172 1505 in
185 1456 258 1523 ripas
268 1471 371 1524 regem,
384 1455 512 1524 solusque
522 1457 630 1509 revulso

54 1541 61 1576 r
73 1524 153 1575 ferox
164 1531 247 1591 ponte
257 1527 373 1577 exclusit
381 1526 525 1576 redeuntia
536 1542 629 1595 regna.

54 1597 75 1645 ri
85 1594 163 1644 dulce
174 1596 269 1656 virum,
281 1596 368 1660 primo
381 1596 425 1661 qui
436 1593 551 1646 foedera
560 1595 632 1648 bello

54 1666 153 1715 micum
166 1664 279 1730 pepigit,
289 1663 403 1726 vidisse3
415 1661 460 1713 hic
469 1664 579 1716 inclitus
588 1666 634 1716 ille
735 1666 788 1718 'lid

53 1733 135 1785 loreis
146 1732 235 1782 victor
247 1747 308 1781 cum
320 1732 406 1782 classe
416 1731 545 1783 Lutatius
557 1736 648 1784 armis.

54 1803 156 1854 tudium
182 1806 211 1851 et
237 1814 349 1852 saevam
372 1815 541 1867 cognoscere
561 1801 727 1853 Hamilcaris

462 1867 601 1934 umbram;

54 1946 108 2003 est,
125 1941 224 2002 (cerne
241 1938 352 2006 procul)
371 1939 415 1990 cui
429 1937 506 1990 frons
521 1954 573 1990 nec
584 1945 673 1992 morte
684 1955 723 1993 re·

463 2025 547 2061 massa

54 2095 92 2130 rm
103 2084 196 2130 servat
205 2077 317 2128 rabiem.
347 2074 376 2128 Si
386 2079 499 2147 iungere
511 2079 588 2130 cordi
598 2085 641 2130 est

54 2151 171 2217 >quium3
183 2149 250 2210 sine,
261 2151 372 2215 gustato
385 2148 432 2199 det
441 2151 573 2217 sanguine
584 2164 690 2200 rocem.
734 2147 785 2200 735

54 2235 73 2270 .e
94 2219 142 2269 ubi
167 2219 347 2286 permissum,
376 2223 405 2269 et
430 2220 524 2270 sitiens
549 2234 578 2270 se
603 2219 727 2287 implerit

462 2304 517 2339 rma
537 2304 563 2352 o,

54 2360 119 2423 arion
129 2358 277 2425 increpitat
287 2371 342 2407 non
351 2357 411 2408 miti
421 2304 615 2425 Scipiogrultu:

54 2443 110 2489 ane,
123 2444 139 2479 o
151 2426 277 2478 fraudum
289 2428 407 2494 genitor,
418 2433 483 2478 sunt
493 2425 607 2478 foedera
617 2424 710 2476 vobist

54 2496 118 2548 laec
130 2495 240 2548 Sicania
251 2497 379 2564 pepigisti
391 2502 487 2564 captus
497 2497 526 2545 in
537 2495 603 2547 oral

54 2582 63 2617 ι
73 2571 135 2618 tuus
147 2573 207 2618 toto
219 2574 299 2618 natus
311 2572 410 2619 contm
420 2567 515 2619 omnia
522 2572 612 2634 pacta
741 2563 804 2609 ‘Q

54 2641 102 2685 cet
108 2635 201 2701 Latio,
214 2643 251 2702 et,
264 2640 410 2710 perruptis
420 2638 560 2703 molibus,
574 2637 663 2707 alpes

54 2707 116 2752 atus
126 2705 215 2772 adest,
226 2707 325 2766 ferret
336 2729 411 2785 gens
424 2712 619 2769 ltalalllarte
