1920 2962
190 190 241 243 246
394 189 422 239 C.
448 183 550 237 srLu
580 180 750 235 lrnhlcl

131 315 181 364 2⁰⁰
192 312 317 362 Barcaeo
329 308 464 359 suadebat
473 304 562 356 honor
571 306 747 371 pretiumque
756 302 860 371 pericli.

191 379 245 431 Sed
258 393 311 429 non
323 376 393 428 haec
403 375 510 444 placide
523 371 655 425 cernebat
665 377 781 440 pectore
789 371 866 435 lune,
937 410 940 415 .

191 452 351 515 coeptoque
363 446 463 498 avertit
473 456 601 511 supreme
609 442 638 493 in
650 440 712 493 inte
721 447 855 495 mentem.

192 517 295 570 Sistere
306 515 446 583 perculsos
457 514 501 565 ille
513 517 541 563 et
549 525 683 563 rovocare
691 510 812 563 luberet.

192 587 309 639 Tulesne
321 601 336 637 e
347 586 451 652 gremio
465 584 575 649 cepnae
585 582 721 648 tectisque
731 581 848 633 narsen

132 657 182 708 2⁰5
192 652 373 723 egredimurt
389 651 476 715 State,
489 667 504 703 o
516 652 617 713 miseri,
628 653 690 718 quis
702 650 794 719 gloria
802 662 902 702 summ

191 725 330 777 Dedecori
341 729 391 775 est.
424 721 470 773 Nil
478 735 527 772 ros
537 717 922 785 hodie(urilriere(lite)tergr
948 781 949 790 ἵ

194 795 339 846 Vertentes
349 792 433 843 lidum
446 794 597 857 exspectet.
625 789 778 852 Meruistis,
788 796 821 841 ut
830 788 909 841 curnis

193 866 306 932 ingruet
315 863 443 924 Ausonia,
454 866 483 911 et
493 874 576 911 saeve
586 859 716 910 Mavorte
726 860 855 927 perustis,

192 932 216 983 N
218 948 232 983 e
244 947 298 998 que
309 946 371 998 spes
378 929 458 982 fusos
469 931 545 996 pncis
558 929 684 995 vitaeque
694 934 832 980 muneret.

132 1003 182 1052 210
194 1000 328 1054 vincebat
340 999 461 1050 clamore
472 997 561 1061 tubes,
573 998 703 1064 reusque
713 998 814 1066 rigore

193 1070 322 1132 Quamuis
334 1069 490 1120 obstructus
502 1081 600 1118 suevus
611 1065 779 1135 penetrabat
789 1069 819 1119 iu
828 1080 907 1119 eure&

192 1139 416 1207 Polydamanteis
426 1138 530 1189 iuvenis
541 1136 679 1188 Pedianus
689 1137 719 1187 in
731 1138 818 1189 urnris

192 1210 270 1261 Bella
281 1209 405 1276 agitabat
414 1213 503 1271 atrox,
516 1207 691 1274 Troianaque
703 1206 813 1259 semine
824 1208 919 1259 etertrr

191 1281 279 1345 Atque
288 1279 445 1328 Antenorea
455 1291 516 1328 sese
527 1276 561 1327 de
573 1276 660 1342 stirpe
670 1273 791 1340 ferebut

131 1347 181 1397 215
192 1346 275 1398 Haud
285 1345 372 1396 levior
381 1346 489 1412 generis
501 1344 576 1396 lame
586 1359 722 1413 sacroque
733 1345 852 1397 Timere

192 1415 297 1477 Gloria,
309 1420 338 1464 et
348 1414 487 1481 Euganeis
498 1413 629 1466 dilectum
639 1428 742 1467 numen
750 1416 781 1467 in
791 1416 855 1469 eris.

79 1539 81 1543 ,
191 1483 262 1535 Huic
288 1487 368 1550 puter
389 1483 543 1546 Eridanus,
574 1483 753 1552 Venetaeque
779 1499 817 1539 ex
840 1482 918 1537 eruite

686 1559 777 1619 entes,

190 1624 277 1690 Atque
288 1623 384 1690 Apono
395 1622 518 1692 gaudens
528 1568 722 1690 populus‚{eu
733 1624 811 1677 bellu
821 1626 903 1684 cieret

191 1690 245 1744 Seu
256 1693 351 1744 Muses
361 1692 485 1760 placidus
495 1692 650 1761 doctaeque
662 1693 775 1747 silentiu
785 1696 858 1747 vitet

129 1765 179 1812 220
191 1762 297 1827 Mallet,
309 1768 337 1815 et
346 1763 449 1815 Aonios
460 1761 565 1830 plectro
576 1762 696 1814 mulcere
707 1763 831 1829 labores,

190 1832 251 1884 Non
263 1833 347 1885 ullum
359 1832 452 1885 dixere
464 1847 573 1899 perenn
585 1846 637 1884 nec
647 1832 743 1885 notior
754 1834 827 1886 alter

191 1902 312 1953 Gradivo
322 1905 436 1966 iuvenis,
447 1918 498 1953 nec
508 1900 622 1953 Phoebo
634 1903 728 1954 notior
739 1904 813 1956 ulter

191 1971 243 2031 Qui
253 1976 398 2038 postquem
404 2008 412 2034 ,
424 1970 517 2022 ellusis
529 1986 628 2040 urgens
638 1974 758 2040 vestigia
768 1972 853 2026 irenis

189 2038 353 2103 Poenorum,
364 2041 443 2091 iuxta
453 2041 561 2109 galeam
571 2046 653 2109 atque
663 2042 772 2110 insigne
783 2040 889 2111 peremti
946 2049 948 2076 ³

128 2108 178 2156 225
189 2108 307 2173 Agnovit
317 2109 435 2176 spolium
446 2110 547 2161 Paulli:
565 2113 645 2178 (puer
654 2110 702 2164 illa
713 2113 840 2180 gerebat,

188 2174 249 2225 Non
261 2192 346 2242 parvo
358 2180 447 2232 laetus
459 2180 581 2232 ductoris
593 2195 714 2244 munere,
727 2183 840 2250 Cinyps,

187 2245 312 2296 Dilectus
323 2247 418 2300 Poeno
431 2251 542 2316 Cinyps,
554 2264 607 2318 quo
619 2251 726 2319 gratim
739 2267 790 2303 ora

188 2313 250 2366 Non
260 2314 326 2377 fuit,
339 2333 372 2367 ac
383 2318 457 2368 nulle
467 2321 549 2370 nituit
559 2318 619 2387 plus
629 2318 722 2371 fronte
735 2321 856 2374 decoris:

190 2385 275 2447 Quale
286 2386 378 2450 micet,
390 2402 551 2456 semperque
562 2404 662 2440 norum
673 2395 726 2453 est,
738 2392 815 2459 quud
823 2384 913 2442 Tiburis
929 2384 932 2389 '

126 2522 178 2573 230
190 2522 292 2588 Pascit,
305 2527 381 2592 ebur,
393 2527 435 2579 vel
448 2529 493 2595 qui
504 2529 572 2579 miro
585 2475 835 2583 eandffironoro

179 2593 276 2648 Lucet
286 2596 317 2648 in
330 2598 492 2666 eurelnpis‚
500 2598 594 2648 rullius
602 2596 736 2647 uureetus
744 2600 780 2648 uls
787 2598 882 2659 nntiel

176 2667 272 2732 Quem
287 2676 457 2739 postquem,
469 2666 618 2736 egregium
628 2664 722 2712 euntis
731 2664 929 2737 eumenium

165 2742 365 2815 Fulgentem,
379 2746 517 2794 extreme
526 2724 924 2789 eeunnusinngunmlu,
