1920 2962
223 210 478 266 rnnrconmu
506 213 586 266 cnr.
614 195 667 267 rxq
761 220 812 271 181

69 336 223 389 Arbitrium
232 350 341 402 pugnae
352 335 512 402 properanti
521 334 550 385 in
560 332 620 385 lata
628 345 763 405 negasset.

71 408 153 470 Quae
164 410 256 455 tamen
268 402 340 455 haud
351 405 436 455 voluit
445 404 572 469 perituris
583 404 699 457 millibus
709 423 765 459 una

68 477 140 529 Plus
150 475 267 525 donasse
279 472 331 524 die.
349 473 465 524 Rediere
475 474 503 522 in
515 477 616 534 castra,
627 481 753 540 gemente
838 479 870 526 2⁰

69 545 157 597 Haud
168 543 250 594 dubie
261 542 373 605 Paullo,
383 544 431 609 ¹qui
444 543 563 593 crastina
574 543 634 593 iura
645 544 751 595 videret

69 614 181 667 Amenti
191 626 303 663 cessura
313 613 385 673 viro,
397 610 552 677 frustraque
564 626 675 663 suorum

70 680 203 735 Servatus
216 696 233 731 a
243 680 327 731 caede
339 681 456 730 animas:
468 694 529 729 nam
541 680 664 733 turbidus
674 686 716 733 ira

69 751 251 818 infensusque
261 763 356 799 morae
367 749 451 798 dilata
463 747 497 797 ob
508 749 613 814 proclia
623 750 735 801 ductor:

69 820 194 882 Siccine,
207 821 255 881 sic,
266 818 369 885 inquit,
380 821 472 885 grates
483 820 654 885 pretiumque
665 821 800 885 rependis,
838 819 869 868 25

68 889 166 942 Paulle
172 926 179 952 ,
190 891 232 940 tui
241 885 356 954 capitis?
371 886 532 937 Meruerunt
542 887 621 950 talia,
632 889 678 955 qui
687 894 715 939 te

66 959 192 1027 Legibus
204 964 285 1025 utque
297 970 381 1006 urnae
392 955 586 1023 diraaefipuere
597 957 726 1008 minantil

68 1028 196 1080 Tradant
204 1029 287 1078 immo
299 1024 372 1076 hosti
382 1031 527 1076 revocatos
538 1026 614 1076 ilicet
623 1040 712 1090 enses,

68 1098 196 1149 Tradunt
206 1110 297 1156 arma,
308 1094 386 1156 iube,
398 1100 445 1145 eut
457 1101 623 1162 pugnantum
639 1097 733 1163 deripe
745 1097 809 1147 dex-

544 1170 610 1214 tras.

67 1232 124 1285 Sed
136 1247 199 1294 vos,
211 1247 327 1300 quorum
339 1231 433 1282 oculos
445 1237 526 1299 atque
539 1247 588 1282 ora
598 1231 739 1284 bumentia
747 1234 810 1295 vidi,
837 1234 870 1283 30

66 1303 186 1356 Vertere
198 1317 259 1353 cum
272 1301 372 1352 Consul
381 1307 462 1369 terga
472 1308 501 1352 et
510 1317 634 1354 remeare
644 1304 760 1365 iuberet,

65 1371 110 1425 Ne
120 1386 227 1422 morem
234 1377 375 1438 etpugnac
382 1372 488 1440 signum
494 1373 808 1439 exspectatepetendse3

66 1442 133 1493 Dux
144 1441 195 1493 sibi
208 1442 322 1509 quisque
338 1442 410 1491 viam
419 1442 524 1507 rapite,
542 1456 603 1492 cum
613 1458 743 1511 spargere
753 1442 806 1508 pri-

543 1526 595 1562 mis

66 1580 186 1647 Incipiet
197 1579 281 1630 radiis
294 1578 423 1647 Gargana
435 1581 576 1630 cacumina
588 1578 722 1631 Phoebus.

66 1648 193 1702 Pandam
203 1654 314 1718 egomet
324 1662 441 1716 propere
453 1655 557 1715 portas.
576 1649 656 1700 Ruite
665 1651 755 1710 ocius,
768 1653 807 1698 at-

545 1732 597 1783 que
608 1716 680 1767 bunc
835 1714 867 1764 35

66 1789 202 1856 Ereptum
213 1795 343 1839 revocate
355 1787 435 1837 diem.
456 1784 502 1836 Sic
512 1785 635 1835 turbidus
647 1799 731 1851 aegra

65 1856 206 1911 Pestifero
217 1872 325 1925 pugnae
337 1861 430 1908 castra
438 1853 603 1905 incendebat
615 1867 716 1904 amore.

65 1929 102 1979 nt
110 1926 238 1990 Paullus,
248 1929 305 1977 ianr
315 1941 370 1977 non
380 1925 454 1976 idem
464 1938 516 1974 nec
526 1929 618 1974 mente
629 1938 680 1974 nec
693 1937 749 1986 ore,

68 1994 124 2049 Sed
134 1996 224 2066 qualis
232 1998 326 2049 stratis
337 1995 428 2046 deleto
440 1994 525 2045 milite
537 1995 640 2060 campis

67 2065 139 2118 Post
147 2080 267 2134 pugnam
277 2066 369 2128 stetit,
380 2070 443 2116 ante
456 2063 551 2115 oculos
563 2069 645 2131 atque
656 2077 706 2113 ora
714 2062 806 2114 futuro
835 2064 869 2111 40

70 2132 340 2199 Obversante'mal03
353 2148 404 2186 ceu
412 2135 468 2185 iam
478 2147 527 2198 spe
536 2132 605 2183 lucis
617 2133 735 2195 ademta,

70 2206 137 2257 Cum
147 2210 243 2271 stupet
253 2204 410 2255 examinata
419 2217 518 2270 parcns
524 2239 532 2265 ,
543 2203 655 2269 natique
665 2208 790 2269 tepentes

67 2272 260 2342 Nequidquam
271 2271 348 2324 iuvet
357 2273 486 2323 extremis
497 2272 665 2338 amplexibus
677 2278 766 2323 artus:

67 2342 123 2396 Per
132 2343 233 2405 toties,
243 2343 346 2409 inquit,
357 2355 507 2392 concussae
518 2343 628 2392 moenia
638 2341 751 2400 Romae,

67 2410 179 2480 Perque
191 2409 257 2474 bas,
276 2425 332 2462 nox
351 2407 451 2477 Stygia
470 2423 538 2477 quas
557 2411 612 2459 ianr
633 2407 810 2459 circumvolat
853 2475 871 2523 5

546 2478 651 2539 umbra,
835 2476 853 2523 4

67 2550 196 2604 lnsontes
207 2550 325 2611 animas,
337 2546 409 2598 cladi
418 2560 502 2615 parce
513 2546 680 2600 obriusires

67 2620 141 2672 Ilum
151 2618 359 2671 manutDirrlm
368 2616 469 2684 furor,
480 2623 511 2674 et
521 2617 766 2673 consumiturira

59 2690 214 2751 Fortunae,
225 2704 317 2743 nurus
327 2691 523 2761 Hannibalis,
536 2699 602 2759 sat,
611 2681 841 2743 nominata-‚me

49 2751 83 2804 Si
92 2755 180 2807 discit
185 2758 269 2813 ruilcs
273 2797 285 2824 ‚
295 2779 352 2818 nec
364 2764 500 2840 frig-idun
511 2759 786 2838 aspicitbostem.
