1920 2962
87 185 340 240 PUNlGORUM
367 188 448 240 LlB.
475 189 536 243 Vll.
631 194 681 248 m

39 313 84 358 tor
94 310 195 374 ponto;
214 307 289 357 sueri
300 306 360 358 sera
369 322 509 360 murmura
518 311 593 362 rentl

40 379 100 438 unt,
112 377 253 444 nullasque
264 382 376 427 movent
384 378 412 438 in
424 376 559 429 frontibus
571 377 640 431 alasa

40 447 141 497 sensim
151 444 242 496 inlusa
251 446 397 513 tranquilla
408 461 458 512 per
469 460 590 514 aequora
602 462 680 515 paee,

40 519 121 566 entes
132 515 217 565 tacito
227 514 320 565 lucent
329 517 357 565 in
368 515 449 567 litore
459 514 566 567 fluetus.

47 599 115 636 eura
124 597 209 652 sagax
220 583 315 646 Poeni,
327 583 484 653 fraudisque
494 598 599 637 veneno
690 586 740 637 260

40 655 226 704 liturmentes.
245 653 348 715 Pauca,
360 660 441 722 atque
452 653 523 707 haee
533 657 603 707 ruris
616 656 680 706 aviti

40 759 55 784 ,,
65 737 117 774 nee
128 722 220 773 multis
229 722 332 773 Fabius
342 723 468 774 vertebat
479 726 592 788 aratris3

40 808 78 843 :us
89 791 201 843 uviferis
213 790 332 841 addebat
340 794 451 842 nomina
460 793 555 859 glebis.

40 869 132 914 »estem
142 862 273 929 plaeltum
284 861 386 922 moliri,
404 866 433 912 et
442 876 572 930 spargere
584 874 681 913 causas

40 946 77 982 :ra
88 931 236 999 ambiguas.
265 931 350 981 Ferro
362 928 530 998 flammisque
542 932 674 998 pepercit,
691 931 740 981 265

40 1006 159 1068 :tamque
171 1001 233 1051 loeo
243 1015 341 1067 pacem
353 998 429 1051 dedit
440 1006 499 1051 arte
509 1001 648 1070 malignae·

40 1069 180 1121 andestino
191 1067 347 1120 traheretur
356 1068 469 1121 foedere
479 1070 587 1120 bellum.

41 1145 101 1190 ctus
114 1144 175 1189 erat
183 1139 279 1199 Fabio,
292 1140 448 1206 Tyriosque
460 1138 571 1189 ridebat

40 1224 72 1259 or
83 1209 189 1259 saevire
200 1208 291 1258 dolos:
312 1213 342 1258 at
350 1223 405 1258 non
414 1214 496 1258 vacat
507 1222 589 1276 aegre

40 1293 76 1328 nn
85 1277 191 1344 gladios
202 1279 274 1328 inter
283 1277 418 1344 lituosque
428 1279 534 1341 timere,
691 1280 741 1328 270

40 1349 73 1397 »ia
84 1361 192 1397 morsus
201 1345 291 1397 famae
303 1346 439 1413 depellere
449 1362 548 1416 pugna.

47 1421 210 1482 reptantem,
223 1421 252 1468 et
261 1417 441 1484 nequidquam
454 1431 536 1483 saepe
546 1415 680 1468 trahendo

40 1486 81 1536 lue
93 1491 192 1548 eastra,
204 1500 236 1536 ao
247 1492 415 1537 scrutantem
426 1486 531 1553 proelia
539 1486 671 1548 Poenum,

40 1568 166 1606 amorosa
175 1556 240 1622 iuga
248 1561 277 1605 et
286 1555 425 1622 scopulosi
435 1557 538 1607 vertice
550 1555 633 1606 eolles

40 1630 112 1692 gunt,
125 1624 222 1675 elausit
231 1639 327 1689 sparsa
339 1624 374 1674 ad
386 1623 504 1675 divortia
514 1630 613 1674 turma.
690 1622 741 1673 275

40 1694 248 1761 laestrygoniae
260 1693 359 1744 saxoso
372 1699 465 1744 monte
478 1693 640 1759 premebant
721 1714 723 1718 ³

39 1776 157 1828 ornper,
169 1762 280 1812 undosis
293 1760 417 1829 squalida
425 1762 518 1811 terris:

40 1832 144 1883 'alterna
154 1832 246 1900 palus:
265 1845 317 1881 neo
325 1829 393 1880 ferri
404 1834 451 1879 aut
461 1828 553 1878 militis
564 1841 643 1878 usum

40 1903 84 1952 bat
93 1901 180 1969 regio.
211 1898 311 1966 Septos
323 1899 372 1950 sed
383 1897 480 1949 fraude
491 1898 615 1949 locorum

40 1985 118 2031 emes,
129 1984 233 2036 poenas
243 1971 360 2021 miserae
371 1974 504 2020 exactura
514 1965 638 2035 Sagunti,
692 1967 743 2018 280

40 2044 80 2103 et3
100 2040 215 2107 finisque
227 2039 324 2090 aderet
333 2036 506 2107 Carthaginis
518 2038 608 2088 armis.

40 2124 111 2176 iper
123 2115 153 2160 et
161 2114 250 2160 terras
261 2113 290 2160 et
299 2109 348 2159 lati
359 2114 456 2228 stoque
467 2107 595 2175 profundi

40 2179 113 2229 lerat
123 2193 243 2240 somnus,
255 2179 400 2245 positoque
421 2177 504 2228 abore
516 2177 621 2228 dierum

38 2264 46 2297 ι
59 2253 142 2298 noete
154 2247 246 2297 datam
256 2248 417 2299 mortalibus
429 2247 502 2299 orbis
515 2246 621 2314 agebat.

40 2336 45 2367 ι
58 2315 199 2367 Sidonium
212 2317 284 2366 euris
295 2315 440 2384 flagrantia
452 2316 537 2366 eorda
693 2312 744 2364 285

40 2402 108 2448 rem,
118 2386 267 2452 vigilesque
278 2391 366 2436 metus
376 2383 486 2436 haurire
499 2384 624 2436 sinebant

40 2454 209 2522 soporiferae
218 2455 316 2505 noetis.
345 2452 416 2505 Nom
425 2454 547 2505 membra
559 2452 640 2503 cubili

40 2563 42 2581 .
55 2531 84 2575 et
93 2523 159 2574 fulvi
172 2524 324 2575 circumdat
334 2523 404 2591 pelle
414 2523 514 2587 leonis,

40 2609 101 2660 iper
109 2595 240 2647 instratos
252 2595 398 2664 proiectus
409 2595 542 2668 gramine
552 2593 653 2659 namsi

40 2669 257 2722 retentatores.
289 2671 377 2724 Tune
389 2662 697 2724 adtentonstrasns
740 2645 802 2699 'iffi

40 2745 117 2852 Ξεέηῗ
129 2736 227 2794 vicina
239 2743 335 2800 citos:
358 2761 419 2811 neo
432 2744 574 2814 degener
583 2735 644 2790 ille

61 2839 75 2850 „
117 2817 197 2863 rso.
