1920 2962
91 160 98 169 '
154 160 203 213 168
353 160 382 212 G.
410 157 514 212 slhll
540 157 707 211 lrnblcl

151 281 261 332 Tertius
274 280 364 330 exurit
373 278 525 330 lacrimosis
536 277 645 329 casibus
654 276 761 329 anuusl
918 312 920 319 .

90 349 140 401 275
151 350 193 401 lte
203 349 295 417 igitur,
309 348 400 414 capite
412 362 501 410 arma,
512 347 571 397 viri.
589 347 671 397 Mora
680 346 744 398 sola
753 348 890 470 triumzbo

149 419 267 471 Parvum
277 420 332 469 iter
341 424 391 468 est.
416 418 493 479 Quae
504 416 594 482 prima
603 416 662 467 dies
678 418 838 471 ostenderit
864 432 889 471 t·

626 490 697 537 stem

148 557 187 608 Et
197 556 310 608 Petrum
322 570 407 624 regna
417 560 445 605 et
454 554 610 606 Poenorum
620 553 693 606 bella
699 522 837 609 ’resolvet

151 628 193 677 lte
205 626 323 688 alacres,
334 625 417 676 Latia
427 623 584 675 devinctum
597 624 668 676 colla
678 631 783 678 catena

150 695 347 758 Hannibalem,
357 693 460 758 Fabio,
476 693 589 757 ducam,
604 699 766 813 spectante,
785 696 885 763 perllr·

644 779 696 814 em.

91 834 231 886 28⁰Haec
247 840 392 902 postquam
410 834 560 903 increpuit,
582 834 671 953 portfifs
694 847 776 885 arma
794 834 882 885 incitus

624 917 638 954 e
662 909 715 966 ert,

148 972 319 1039 Impellitque
330 985 436 1034 moras,
445 972 529 1022 veluti
541 987 602 1022 cum
614 987 729 1025 carcere
739 976 823 1040 rupto

147 1041 250 1108 Auriga
260 1039 385 1090 indocilis
396 1045 471 1091 totas
481 1039 598 1092 effundit
608 1038 741 1105 habenas,

147 1109 197 1171 Et,
209 1124 342 1177 praeceps
352 1109 460 1175 trepida
470 1110 591 1176 pendens
601 1112 629 1161 in
638 1110 757 1163 verbera
767 1110 861 1178 plana,

147 1180 240 1247 Impar
250 1179 339 1230 fertur
351 1180 441 1246 equis3
452 1177 540 1230 lumat
549 1181 620 1231 nrale
631 1181 758 1233 concitus
769 1182 836 1245 axis,

86 1248 136 1299 ²85
147 1251 186 1300 Ac
194 1248 274 1300 bena
282 1250 388 1299 incerto
399 1247 508 1299 lluitant
519 1249 657 1301 discordia
668 1266 761 1302 curru.

147 1317 283 1368 Cernebat
304 1316 414 1367 Paullus
427 1318 555 1385 (namque
569 1316 632 1370 huic
643 1321 873 1373 communiam·

641 1404 673 1440 us

145 1455 209 1506 lura
218 1459 301 1521 atque
311 1469 388 1506 arma
398 1454 471 1518 tulit)
482 1456 551 1520 labi,
562 1405 703 1526 mergente
715 1460 824 1511 sinistro

146 1523 279 1586 Consule,
291 1539 344 1586 res,
356 1539 519 1592 pessumque
532 1526 603 1577 dari:
620 1528 669 1579 sed
679 1528 790 1581 mobilis
798 1530 837 1579 irs

145 1593 263 1644 Turbati
274 1594 361 1661 vulgi,
373 1596 535 1662 signataque
544 1603 636 1649 mente
649 1598 767 1648 cicatrix

85 1662 135 1713 290
145 1662 285 1714 Undantes
297 1679 380 1732 aegro
391 1663 518 1715 frenabat
528 1666 611 1717 corde
623 1667 743 1718 dolores.
918 1732 920 1741 Ι

144 1731 215 1784 Nam
228 1748 288 1784 cum
299 1734 456 1800 perdomita
467 1740 508 1785 est
520 1736 602 1786 armis
613 1736 778 1789 iuvenilibus
788 1736 846 1789 olim
918 1744 920 1781 !

143 1803 234 1869 Illyris
246 1819 295 1854 ora
307 1805 374 1866 viri,
386 1805 464 1872 nigro
478 1804 655 1856 allatraverat
666 1820 714 1856 ore
918 1802 920 1817 '

143 1873 286 1924 Victorem
296 1874 410 1937 insidia,
423 1879 451 1923 et
461 1874 550 1924 ventis
559 1875 680 1926 iactarat
687 1876 798 1943 iniquis.

143 1943 216 1992 Hinc
227 1943 318 1993 inerat
328 1949 417 1993 metus
430 1949 458 1993 et
468 1942 554 1995 durae
563 1945 719 1995 reverentia
729 1945 824 2011 plebis.

83 2008 132 2059 295
145 2008 200 2060 Sed
217 2024 303 2076 genus
324 2010 464 2060 admotum
481 2009 607 2080 Superis,
628 2029 817 2083 summumque
833 2024 874 2083 ptr

620 2083 691 2134 altos
917 2078 920 2197 A

143 2145 304 2212 Attingebat
315 2162 381 2199 avos
393 2149 507 2201 coelum.
527 2150 678 2204 Numerare
689 2159 832 2220 parentem

144 2216 306 2265 Assaracum
318 2223 392 2268 retro
405 2218 566 2284 praestabat
574 2222 695 2273 Amulius
707 2228 814 2287 auctor,
918 2242 920 2275 :

139 2284 341 2351 Assaracusque
352 2286 458 2337 lovem:
469 2303 529 2353 nec,
542 2293 586 2358 qui
597 2298 752 2359 spectasset
760 2292 877 2353 iruna

140 2352 279 2404 Abnueret
289 2369 383 2421 genus.
403 2356 475 2406 Huic
485 2359 587 2414 Fabius
596 2363 651 2413 iam
662 2369 756 2414 castra
766 2360 874 2431 preteeti:

81 2420 132 2470 8⁰0
143 2421 172 2473 Si
183 2423 231 2473 tibi
244 2439 306 2474 cum
318 2424 405 2489 Tyrio
418 2427 506 2478 credis
519 2428 580 2482 fore
590 2434 709 2483 maxima
719 2433 794 2484 bella

141 2492 279 2555 Ductore,
291 2493 391 2544 invitus
403 2509 499 2546 vocem
510 2494 580 2551 banc
591 2515 606 2552 e
617 2507 731 2567 pectore
741 2516 869 2569 rumpam.

136 2561 307 2625 Frustraris,
318 2562 430 2626 Paullo,
440 2566 595 2618 Ausoniam.
612 2571 654 2620 Tc
666 2571 772 2635 proelia
783 2572 849 2633 dira,

133 2633 233 2702 Teque
245 2629 449 2688 hostiscastris
459 2636 687 2703 graniormanets
695 2638 882 2699 autequam

121 2702 339 2778 Nequidquam
353 2707 446 2760 didici
455 2702 851 2769 casuspraeneaeere'bbmts„
