1920 2962
141 336 211 388 Post
221 348 292 403 quae
303 333 413 386 Poenus
423 335 476 384 ait:
491 333 636 384 Decimum
650 333 733 384 mo'do
750 348 850 403 coeper
890 344 898 389 t

616 412 719 452 annum

83 475 133 527 tm
145 476 306 526 Excessisse
316 488 392 540 puer,
404 477 499 524 nostro
511 470 656 521 cumbolis
664 471 773 524 Latinis

144 545 278 612 Concepit
287 545 376 595 iussu:
387 542 491 593 licitum
501 555 552 592 nec
563 539 658 591 fallere
669 540 756 593 Dives

144 616 251 665 iuratos
263 614 343 680 patri.
373 612 453 674 Quod
465 613 488 662 si
498 609 651 660 Laurentia
659 615 753 662 vastet

142 683 221 733 Nunc
232 683 290 750 igni
301 696 394 749 regns,
406 687 435 731 et
440 678 577 748 Phrygias
588 693 633 730 res
644 685 754 731 vertere
765 685 856 742 tentat,

144 753 277 818 0pietns,
289 767 304 802 c
316 757 412 802 saneta
422 750 499 812 fides,
513 765 528 800 o
540 762 606 799 vera
615 749 756 817 propago!

83 821 133 870 ’150
144 823 232 889 Atque
247 822 351 872 utinam
368 821 497 871 amissum
513 822 624 885 reparet
643 817 741 869 decus!
764 818 827 870 lude
840 818 869 867 ci·

616 892 677 938 tato

144 958 237 1009 Celsus
248 957 305 1008 abit
314 972 419 1024 gressu,
430 959 571 1024 maiorque
584 957 701 1007 recessit
710 957 811 1026 imago.

142 1027 213 1078 Exin
226 1026 352 1094 designat
362 1032 448 1088 vates,
458 1027 504 1093 qui
513 1028 574 1076 iura
584 1025 634 1076 sub
645 1028 731 1077 armis

141 1095 272 1147 Poscenti
282 1095 407 1146 dederint
417 1096 529 1162 populo,
541 1095 675 1162 primique
688 1097 791 1162 petitas

141 1166 287 1216 Misuen'nt
296 1165 371 1216 Italis
381 1165 480 1216 Piraeo
490 1165 573 1216 litore
582 1163 667 1231 leges.

81 1234 132 1285 155
143 1235 289 1296 Laetatur,
300 1240 462 1301 spectatque
473 1236 560 1285 virum
569 1232 734 1286 insatiabilis
745 1247 796 1286 ors

142 1301 245 1368 Scipio,
256 1308 285 1353 et
295 1304 415 1368 appellet
424 1309 539 1354 cunctos
548 1321 555 1368 3
564 1305 593 1355 ui
603 1317 705 1371 magna
715 1303 840 1355 sacerdos

140 1371 294 1423 Admoneat
303 1371 400 1422 turbae
410 1372 582 1424 innumerae:
595 1374 670 1436 Quot
679 1372 765 1424 millia
773 1378 831 1424 tcto

141 1438 235 1491 credis
245 1440 273 1489 iu
285 1440 360 1502 orbe,
370 1456 447 1507 puer,
457 1441 558 1494 lustras
570 1441 634 1493 dum
644 1441 753 1510 singula
762 1444 828 1504 11111,

140 1508 324 1561 Descendisse
345 1508 454 1561 Ereboi
474 1510 555 1564 Nullo
577 1515 777 1579 nonitempore
796 1510 866 1562 11111111

616 1582 684 1632 dans

78 1647 130 1699 ’160
140 1646 302 1700 Umbrarum
313 1647 366 1700 buc
377 1651 467 1718 agitur
477 1656 595 1713 torrens,
606 1657 754 1718 uectatque
767 1650 854 1719 capaci

138 1719 253 1788 Agmina
263 1720 335 1770 mole
348 1717 469 1783 Charon,
485 1726 513 1770 et
523 1721 625 1772 sufficit
633 1721 762 1786 improba
773 1719 866 1789 puppis·

139 1789 208 1840 Post
227 1786 310 1851 haec,
332 1789 478 1842 ostendens
497 1789 636 1852 iuvenem,
658 1792 697 1841 sic
717 1793 796 1859 virgo
814 1801 867 1857 pro·

614 1858 701 1909 satur:

138 1927 192 1977 Hic
203 1925 248 1976 ille
259 1933 309 1984 est,
322 1928 417 1978 tellure
429 1943 514 1996 vagus
526 1930 569 1996 qui
581 1930 708 1979 victorin
720 1931 795 1980 omni

139 1996 225 2045 Cursu
236 1996 313 2061 signa
322 1996 397 2060 tulit3
411 1999 454 2047 cui
464 1999 558 2063 peruia
569 1999 672 2049 Bactra
682 1996 844 2066 Dahaeque;

77 2063 128 2114 765
141 2064 194 2125 Qui
207 2061 330 2131 Gangem
340 2064 418 2127 bibit,
430 2072 458 2117 et
469 2065 580 2119 Pellaeo
591 2077 675 2135 ponte
687 2067 823 2133 Niphaten

136 2132 303 2196 Adstrinxit3
316 2136 359 2185 cui
370 2141 445 2186 stant
454 2152 535 2188 sacro
549 2153 598 2188 sua
608 2139 719 2188 moenia
732 2136 803 2189 Nilo.

136 2203 236 2269 Incipit
246 2203 386 2256 Aeneades
396 2221 403 2254 1
415 2205 516 2272 Libyci
527 2208 680 2258 certissima
689 2207 784 2275 proles

136 2273 313 2334 Hammonis,
325 2274 433 2341 quando
446 2282 594 2343 exsuperat
604 2283 652 2326 tua
662 2277 752 2344 gioria
764 2280 868 2327 cunctos

135 2342 293 2394 Indubitate
303 2343 396 2406 duces,
409 2344 541 2412 similique
552 2347 679 2412 cupidine
689 2361 782 2397 rerum

74 2410 126 2460 tm
137 2412 258 2465 Pectora
269 2420 364 2466 nostra
375 2414 477 2476 calent,
495 2431 564 2483 quae
575 2422 604 2467 te
615 2417 674 2478 via,
692 2415 767 2478 fare,
784 2427 868 2482 super-

609 2486 675 2536 bum

126 2552 169 2605 Ad
182 2553 270 2608 decus
282 2563 312 2609 et
320 2555 565 2610 summasiaubum
570 2555 731 2621 perduxerit
740 2570 826 2607 arces.

120 2625 175 2679 me
189 2627 243 2680 sub
255 2625 347 2681 haee:
359 2627 468 2695 Turpis
473 2627 549 2678 beuti
556 2623 803 2676 11111101οὠ1.-

112 2699 267 2756 Audendo
281 2701 365 2755 bella
377 2696 529 2767 expedias.
551 2687 831 2759 Pigmffl'bm

32 98 37 114 ι
142 146 194 199 rso
343 145 371 196 0.
402 142 506 196 SlLll
535 142 699 196 lTAhlcl
770 154 773 160 “

142 265 304 326 Barbarico,
315 270 344 315 et
353 262 472 315 refluunt
482 261 617 314 obstructi
628 264 767 333 stragibus
778 123 906 445 smne!
