1920 2962
163 166 213 218 26⁰
353 163 382 213 C.
413 161 518 214 SlLll
547 160 730 213 tremel-

161 283 294 350 Nullaque
304 288 362 331 tem
372 283 467 333 mitem
478 280 575 331 eredas
585 277 715 332 habuisse
725 282 870 333 'loamtem
959 356 960 364 ἵ

161 352 293 413 Fulmina,
305 366 356 402 nee
367 350 475 419 placido
487 354 627 401 commoto
635 351 760 403 tonitrua
769 350 852 403 eoele.

160 423 257 484 Durat,
269 428 299 472 et
308 421 447 472 affirmans
457 433 513 471 uon
523 418 596 469 ultre
604 418 726 484 spondet
734 419 765 471 in
773 420 845 487 ipsos

160 493 313 544 Venturam
324 491 475 558 crebroque
485 489 566 549 diem,
576 487 660 538 modo
672 489 765 554 patrie
774 488 854 541 virms
885 526 888 533 -

100 562 150 611 oto
162 563 192 611 ln
203 562 314 611 dextras
325 560 430 622 redeat,
441 573 493 610 nee
502 558 617 608 Romem
627 557 791 609 exscindere
800 556 875 611 Poeni

160 631 279 680 credant
290 644 350 679 esse
360 628 447 679 nefas.
457 627 509 679 Ubi
521 640 584 676 nam
593 630 660 676 mne
669 624 786 679 firlmine
794 626 888 679 terdon

160 699 256 749 lnvioti
266 698 379 749 latinisse
391 699 471 759 lovis,
483 710 545 747 eum
554 700 692 746 sterneret
701 697 776 749 eneis

158 767 270 818 Aetolos
282 765 410 833 composi
428 766 483 827 ubi,
495 780 556 815 oum
567 761 717 829 Tyrrhena
725 772 850 819 natarent

160 836 264 904 Stagna
280 852 377 888 eruore
393 833 497 886 rirnm‘l
515 832 625 900 Pugnet
634 849 686 901 pro
696 836 846 899 moenibus,
858 836 879 885 in

634 905 702 971 qut,

100 977 150 1026 ote
162 974 191 1027 Si
201 981 295 1026 rector
305 972 440 1040 Superum
450 979 494 1024 tot
503 974 584 1024 iactis
594 971 707 1026 fulmine
717 974 791 1036 telis,

160 1046 234 1095 lnter
243 1050 285 1094 tot
295 1050 386 1095 motus
397 1059 446 1094 cur
456 1058 500 1094 me
511 1048 609 1093 eontra
620 1057 698 1093 mma
708 1042 843 1097 ferentem

159 1112 294 1165 Afflixisse
304 1111 396 1181 pigeti
415 1113 512 1164 Ventis
523 1110 658 1179 hiemique
671 1111 788 1181 fugaces

160 1185 254 1251 'l'erga
261 1184 365 1234 (lamus.
376 1183 701 1249 Remeet,quaeso,mens
710 1182 888 1253 illavigorque,

161 1252 222 1312 (lua
236 1251 328 1313 vobis,
346 1251 636 1319 compactarum,
657 1266 721 1303 eum
731 1251 845 1305 foedera
854 1250 888 1301 ul·

558 1362 561 1367 .
635 1328 737 1383 essent,

98 1389 149 1437 680
161 1389 301 1454 Integrare
313 1387 386 1436 acies
395 1387 533 1452 placitum.
551 1387 597 1440 Sia
607 1396 724 1455 pectora
733 1388 863 1453 flammat,

158 1458 255 1507 Donec
266 1458 363 1523 equum
374 1456 456 1506 Titan
468 1460 623 1523 spumantia
633 1457 712 1510 irena
721 1461 842 1513 resolvit.

157 1525 216 1577 Nec
227 1541 281 1576 nox
294 1527 448 1592 composuit
458 1541 547 1588 curas,
559 1543 703 1580 somnusve
714 1528 870 1583 frementem

157 1596 244 1646 Ausus
256 1595 330 1645 adire
340 1597 436 1658 virum,
448 1601 477 1646 et
487 1595 603 1647 redeunt
614 1612 675 1649 eum
686 1599 748 1651 luce
760 1599 867 1651 furores

156 1665 260 1716 Rursus
277 1667 305 1715 in
322 1680 399 1716 arma
414 1671 497 1716 vocat
512 1666 650 1732 trepidos,
671 1668 826 1737 clypeoque
846 1675 887 1719 tre

635 1738 765 1789 mendum

98 1801 148 1852 685
161 1806 298 1872 Increpet,
309 1812 391 1873 etque
402 1807 484 1856 armis
495 1806 618 1855 imitatur
628 1821 771 1858 murmura
780 1808 854 1861 eoeli.

157 1875 194 1925 Ut
205 1891 271 1926 vero
283 1877 399 1941 accepit,
410 1880 516 1925 tantum
528 1874 666 1926 confidere
678 1876 757 1928 Divis

156 1944 291 1993 Ausonios
304 1944 410 2005 Patres,
423 1945 620 2010 summissaque
631 1944 727 1996 Baetis
740 1947 776 1997 ad
786 1962 848 1999 orus

156 2011 270 2072 Auxilia,
282 2018 311 2061 et
320 2018 403 2062 noetu
415 2029 590 2081 progressum
600 2015 745 2066 moenibus
756 2030 861 2084 agmen:

156 2077 201 2128 Sic
213 2082 318 2146 agitare
328 2081 446 2133 fremens
458 2083 585 2134 obsessos
597 2085 663 2145 otia,
673 2085 784 2153 iamque

96 2148 146 2197 690
159 2146 288 2198 Securum
301 2152 462 2203 Hannibalis
472 2153 596 2216 Romam,
607 2154 755 2206 violentior
764 2157 853 2207 instet
938 2132 943 2207 1

155 2219 266 2283 lamque
277 2222 478 2288 propinquabat
488 2238 576 2285 muro,
588 2239 649 2274 eum
661 2225 766 2291 iupiter
777 2237 876 2295 aegram
935 2226 942 2287 ἡ

155 2288 284 2337 lunonem
296 2288 443 2355 alloquitur
453 2293 534 2354 curis,
544 2293 699 2360 mulcetque
710 2294 854 2349 monendo.
938 2298 942 2345 l

157 2356 272 2408 Nullane
286 2356 398 2409 Sidonio
409 2360 508 2421 iuveni,
520 2363 655 2429 eoiurque
666 2379 802 2432 sororque
939 2358 942 2379 '

157 2427 228 2477 Cara
240 2427 312 2490 mihi,
324 2444 377 2480 non
388 2429 443 2479 ulla
453 2445 570 2495 unquam
583 2433 640 2482 sine
653 2433 707 2486 line
717 2433 809 2487 feroci
937 2392 943 2484 Ι

95 2493 146 2543 695
158 2495 247 2545 Aeldes
260 2496 338 2549 frona
348 2497 424 2549 virot
436 2499 530 2550 Fuerit
540 2501 631 2551 delere
642 2499 806 2571 Saguntum,

153 2564 322 2633 Eraequare
333 2569 424 2636 Alpes,
431 2570 575 2635 imponere
582 2571 692 2621 einoula
700 2588 783 2627 sacro

147 2636 288 2703 Eridano,
302 2638 423 2691 foedare
430 2639 523 2690 lanus.
540 2637 794 2698 Etiamneqara’olt

138 2709 270 2765 Nostrae
282 2710 335 2765 ille
346 2710 466 2770 (lemos,
474 2711 594 2759 nostras
600 2696 915 2766 petmmuffiffl⁸
