1920 2962
155 130 207 181 19²
356 127 384 176 G.
415 123 520 176 SlLll
548 122 714 175 lunare!

155 248 227 300 Dum
238 252 343 297 temere
353 244 504 306 accelerat,
515 242 622 292 calcato
633 242 808 308 improvidus
818 258 875 296 emt

91 318 146 370 390
158 316 289 375 Succidit‚
301 329 334 365 ac
344 314 433 364 nudae
443 326 505 363 sero
517 312 633 378 vestigia
642 310 757 377 plantae

155 385 311 447 Damnavit,
322 384 472 450 dextraque
481 383 555 431 iacet
564 381 707 432 morientis
718 384 812 433 amici.

156 455 281 506 Tandem
293 454 429 504 convertit
439 450 537 501 fatalia
546 449 602 499 tela
612 448 734 502 Nealcae

155 525 289 576 Fulminei
299 523 416 590 gliscens
425 521 530 571 iuvenis
539 517 624 570 furor.
658 520 763 571 Exsiiit
774 520 875 583 ardens,

156 593 271 645 Nomine
282 597 340 642 tam
350 592 424 642 claro
435 589 605 651 stimulante,
616 589 651 638 ad
661 592 789 655 praemia
799 590 875 641 caedi

96 663 146 714 395
157 665 228 713 Tum
244 661 348 714 silicem
362 659 475 726 scopulo
497 657 632 719 avulsum,
648 673 737 775 lquem
759 658 875 711 montibu

544 759 556 775 .
631 728 694 777 atis

155 800 307 867 Depuierat
316 803 434 858 torrens,
445 802 553 862 raptum
565 799 730 862 contorquet
740 797 770 848 in
781 812 831 848 ora

155 869 301 920 Turbidus.
338 868 450 917 incusso
463 870 627 930 crepuerunt
638 866 763 931 pondere
774 866 869 927 malae,

154 938 320 1003 ablatusque
331 937 390 984 viro
402 933 506 984 vultus:
519 939 652 984 concreta
661 942 780 986 cruente

153 1007 207 1058 Per
219 1020 301 1055 nares
313 1003 427 1055 cerebro
438 1003 529 1053 sanies
539 1001 608 1065 fluit,
620 1009 736 1070 atraque
747 1009 861 1057 manant

89 1078 144 1127 4⁰0
156 1075 274 1128 Orbibus
285 1074 358 1125 elisis
369 1079 397 1125 et
408 1078 508 1122 trunca
515 1071 620 1123 lumine
630 1072 731 1124 fronte.

154 1145 291 1198 Sternitur
301 1144 430 1194 unanimo
441 1142 546 1192 Marius
559 1157 721 1195 succurrere
733 1145 826 1211 Capro

154 1217 283 1274 conatus,
294 1218 472 1278 metuensque
482 1212 541 1262 vire
553 1227 698 1279 superesse
711 1213 833 1265 cadenti.

153 1284 237 1335 Lucis
248 1281 322 1331 idem
337 1282 502 1346 auspicium,
520 1296 553 1333 ac
569 1284 688 1349 patrium
703 1289 732 1333 et
750 1298 875 1335 commun

628 1352 735 1403 duobus

152 1420 320 1486 Paupertns3
332 1432 411 1469 sacro
423 1419 533 1472 iuvenes
546 1421 696 1473 Praeneste
708 1424 796 1473 creati

91 1490 143 1541 405
153 1490 323 1542 Miscuerant
334 1488 438 1551 studia,
452 1495 479 1540 et
490 1491 584 1541 iuncta
594 1491 691 1542 tellure
703 1492 841 1543 serebant,

152 1559 231 1611 Velle
242 1575 274 1610 ac
286 1559 356 1609 nolle
368 1558 501 1611 ambobus
511 1561 598 1622 idem,
609 1562 770 1628 sociataque
780 1568 841 1613 tote

152 1630 231 1681 Mens
244 1644 327 1691 aevo,
339 1645 372 1679 ac
383 1630 474 1695 parvis
485 1629 560 1680 dives
571 1629 720 1693 concordia
730 1632 823 1682 rebus.

154 1699 315 1751 Occubnere
327 1700 419 1751 simul:
431 1701 555 1766 votisque
567 1714 601 1750 ex
612 1700 737 1750 omnibus
749 1716 832 1752 unum

153 1769 184 1819 ld
195 1771 319 1821 Fortuna
328 1770 417 1831 dedit,
432 1769 554 1819 iunctam
569 1770 641 1820 inter
652 1769 758 1836 proelia
767 1774 875 1822 merten

91 1838 144 1888 41⁰
155 1840 237 1889 Arma
248 1840 325 1890 fuere
337 1841 421 1890 decus
432 1840 530 1889 victori
541 1839 607 1889 bina
618 1837 779 1904 Symaetho.

154 1905 209 1958 Sed
219 1908 330 1973 longum
340 1913 419 1957 tanto
429 1907 527 1959 laetari
538 1923 649 1959 munere
662 1924 742 1960 casus

153 1976 236 2027 Haud
245 1976 350 2025 licitum
361 1975 469 2026 Poenis.
506 1978 607 2029 Aderat
616 1983 723 2029 terrore
737 1980 835 2029 minaci

155 2043 256 2110 Scipio,
268 2058 417 2095 conversae
427 2046 573 2099 miseratus
583 2054 663 2116 terga
674 2047 807 2109 cohortis,

153 2114 191 2164 Et
202 2115 293 2163 cuncti
304 2113 367 2165 fons
377 2113 467 2166 Varro
479 2117 552 2179 maii,
564 2117 703 2184 flatusque
716 2133 857 2169 comarum

91 2182 143 2234 415
156 2183 246 2243 Curio,
258 2188 287 2232 et
298 2197 315 2232 a
325 2185 413 2248 primo
424 2184 592 2238 descendens
604 2187 722 2238 Consule
733 2188 845 2239 Brutus.

152 2253 239 2318 Atque
251 2249 292 2304 his
304 2251 374 2302 fulta
383 2254 448 2303 viris
460 2255 533 2307 acies
544 2262 688 2324 repararet
698 2257 840 2309 ademtum

152 2321 227 2373 Mole
239 2337 312 2373 nova
322 2336 457 2388 campum,
468 2325 559 2378 subito
570 2328 597 2377 ni
607 2327 715 2378 turbine
727 2327 839 2379 Poenus

151 2391 266 2458 Agmina
278 2391 414 2443 frenasset
423 2393 475 2443 iarn
488 2397 679 2460 procurrentia
690 2396 800 2448 ductor.

152 2460 232 2527 isque
243 2467 274 2511 ut
284 2461 437 2513 Varronem
450 2465 545 2529 procul
553 2467 626 2517 inter
636 2465 742 2533 proelia
752 2466 832 2530 vidit,

80 2530 136 2580 420
144 2530 186 2582 Et
194 2530 276 2584 iuxta
285 2532 384 2604 sagulo
397 2533 619 2587 circumretitare
629 2535 739 2584 minanti

128 2600 302 2659 Lictorem:
313 2604 342 2661 N
344 2623 415 2664 osce
427 2622 575 2681 pompam,
585 2610 669 2670 utque
677 2602 875 2681 insignium

116 2672 254 2735 Flamini
258 2698 291 2737 us
303 2684 398 2741 modo
410 2682 494 2749 tuiis,
504 2679 556 2733 ait.
590 2667 875 2724 numinianum
