1920 2962
168 177 201 225 84
352 174 380 223 G.
409 170 518 223 siml
546 168 714 223 iTALlGl

166 296 198 345 la
209 294 317 343 Poenos
326 291 446 342 Mavors.
464 291 563 343 Fertur
574 305 623 357 per
634 289 701 351 tela,
714 304 763 355 per
773 286 874 345 hostes

168 361 321 426 Intrepidus
333 376 414 427 puer,
427 366 456 410 et
469 359 617 411 Gradivum
627 359 752 425 passibus
762 368 878 427 aequat.

169 432 304 481 Continuo
317 443 425 480 cessere
436 427 524 496 globi,
534 429 660 495 latusque
672 434 787 494 repente

168 500 289 566 Apparet
300 514 397 565 eampo
408 498 493 549 limes.
511 498 593 548 Metit
602 498 712 565 agmina
722 501 814 548 teetus

108 566 159 618 465
173 569 291 619 Caelesti
305 568 406 634 clipeo,
417 572 446 618 et
456 567 554 618 sternit
563 581 646 633 super
656 565 888 618 ermaiuoentum

171 639 346 704 Corpornque
358 642 498 687 auctorem
508 635 569 698 teli,
579 635 732 703 multasque
743 639 880 700 paternos

170 709 239 757 Ante
250 706 345 758 oculos
356 706 474 767 animas,
487 710 583 771 optata
593 703 715 770 piacula,
726 709 843 755 mactet.
917 718 920 723 ·

171 778 259 838 Tune,
271 780 353 842 raptu
363 789 481 841 propere
493 774 567 825 dums
578 788 612 825 ex
623 773 731 824 ossibus
741 769 835 837 hasta,

169 847 293 896 innixum
306 845 414 895 corrice
424 843 515 895 ferens
526 841 693 910 humeroque
705 846 863 907 parentem,

110 916 161 965 4¹10
172 916 288 965 Emicat.
307 914 448 963 Attonitae
459 918 538 962 tantu
547 912 583 962 ad
594 909 753 977 spectacula
762 915 877 965 turmae

171 983 240 1033 Tela
250 987 357 1031 tenent:
370 979 497 1047 ceditque
508 979 664 1045 loeoLibys
676 994 769 1046 asper,
783 985 815 1032 et
825 984 916 1033 omnis

170 1053 241 1102 irate
253 1049 327 1101 cedit
337 1049 435 1098 Hibera
448 1050 590 1116 pietasque
600 1049 713 1116 insignis
725 1053 753 1099 et
763 1055 845 1101 aetas

170 1120 312 1187 Belligoris
324 1117 391 1169 feeit
401 1117 525 1169 miranda
534 1118 643 1169 silentia
654 1119 766 1183 campis.

171 1192 242 1240 Tum
254 1188 327 1239 oolso
340 1203 355 1238 e
366 1202 447 1238 curru
457 1187 579 1249 Mavors,
590 1184 762 1254 Carthaginis
775 1202 858 1243 eroes

110 1259 160 1309 475
171 1258 339 1318 Exanimes,
351 1257 453 1323 inquit,
466 1257 621 1323 Tyriosque
635 1256 669 1305 ad
681 1255 797 1307 foedera
809 1274 905 1329 coges.

170 1328 251 1378 ania
259 1333 351 1375 tamen
363 1325 445 1392 ionga
457 1329 535 1375 tenta
547 1325 686 1376 exorietur
694 1326 722 1375 in
734 1340 805 1376 aevo

170 1397 233 1447 Lux
244 1395 301 1454 tibi,
313 1409 376 1444 eure
388 1408 464 1459 puer.
482 1394 585 1456 Macte,
597 1401 709 1445 omaete
718 1394 812 1447 indole
823 1412 914 1461 sacra,

171 1466 246 1517 Vera
257 1464 328 1513 lovis
340 1463 447 1529 proies:
464 1468 493 1513 et
504 1461 593 1515 adhuc
604 1466 710 1514 maiora
721 1474 886 1530 supersunt:

170 1533 223 1585 Sed
237 1539 374 1600 nequeunt
385 1532 499 1584 meliore
509 1533 576 1583 dari.
596 1534 668 1583 Tum
679 1532 772 1584 nubila
780 1535 898 1591 Mavors

109 1605 159 1655 480
170 1601 356 1670 Aetheraque,
368 1617 479 1653 emenso
490 1604 644 1655 terrasiam
655 1603 726 1664 soie,
738 1607 876 1669 oapessit3

169 1675 205 1725 Et
217 1672 304 1724 fessas
316 1673 389 1723 acies
402 1674 499 1724 eastris
510 1672 633 1724 elausere
644 1671 782 1723 tenebrae.

170 1743 313 1795 Condebat
323 1749 431 1794 noctem
443 1743 547 1794 devexo
559 1742 677 1807 Cynthia
687 1758 778 1803 curru,

168 1815 309 1865 Fraternis
321 1812 415 1864 afflata
423 1814 506 1877 rotis,
518 1818 547 1864 et
556 1812 591 1863 ab
603 1826 722 1879 aequore
732 1812 794 1862 Eoo

169 1882 324 1950 surgebant
334 1897 432 1934 roseae
443 1883 534 1933 media
544 1884 616 1933 inter
626 1881 737 1932 coerula
746 1879 886 1934 flammae.

109 1953 158 2003 485
170 1955 204 2002 At
214 1951 315 2003 Ctrnsul
325 1952 424 2011 tristis,
437 1965 549 2016 campos
560 1951 715 2018 Poenisque
727 1951 879 2003 secundam

168 2021 314 2071 Planitiem
325 2023 463 2082 metuens,
477 2019 606 2070 'I'rebiom
619 2019 757 2087 collesque
767 2020 892 2087 petebat.

169 2092 280 2155 lamque
292 2086 350 2137 dies
361 2089 433 2154 rupti
444 2104 525 2139 cursu
536 2105 661 2156 novoque
671 2089 776 2151 labore,

169 2160 206 2209 Et
213 2156 304 2208 medio
317 2155 448 2224 abruptus
459 2156 585 2211 fluitabat
593 2160 621 2209 in
633 2174 711 2210 amne
723 2159 821 2211 solutis

169 2228 243 2278 Pons
253 2225 357 2286 sinclis,
369 2228 414 2294 qui
426 2227 593 2278 Dardanium
599 2234 791 2280 transvexerat
797 2243 910 2298 agmen:

108 2297 159 2348 490
170 2295 282 2346 Eridani
293 2295 403 2360 rapidos
414 2294 512 2346 aderat
522 2312 583 2346 eum
594 2298 704 2348 Poenus
715 2298 749 2348 ad
759 2299 858 2350 undas.

168 2365 294 2432 Dumque
304 2362 416 2431 vadu‘et
424 2364 519 2415 molles
530 2365 634 2429 aditus,
645 2382 695 2433 per
706 2365 786 2417 devia
795 2365 871 2418 flexo

169 2435 304 2495 circuitu,
316 2433 398 2498 petit,
409 2437 438 2483 et
448 2434 537 2501 stagni
548 2434 707 2503 languentia
718 2437 835 2503 quaerit,

166 2501 306 2553 interdum
319 2506 399 2568 raptu
408 2502 503 2553 ricinis
514 2502 627 2556 saltibus
638 2505 701 2555 aino

166 2570 335 2622 Fiumineam
342 2571 420 2632 texit,
428 2585 482 2638 qua
487 2570 649 2625 transvehat
654 2573 771 2641 agamus,
779 2572 910 2641 classenm

106 2639 157 2690 495
169 2641 244 2690 Eece
256 2638 366 2704 aderet,
377 2639 550 2710 Trebiaeque
561 2642 640 2693 simul
651 2643 741 2693 vicina
750 2643 876 2709 tenebat,

54 2764 58 2784 ι
159 2710 310 2766 Trinacrio
321 2713 432 2768 accitus
444 2727 495 2783 per
506 2711 834 2778 onenhaiongardoro,
