<?xml version="1.0" encoding="UTF-8"?>
<!DOCTYPE html PUBLIC "-//W3C//DTD XHTML 1.0 Transitional//EN"
    "http://www.w3.org/TR/xhtml1/DTD/xhtml1-transitional.dtd">
<html xmlns="http://www.w3.org/1999/xhtml" xml:lang="en" lang="en">
 <head>
  <title>
</title>
<meta http-equiv="Content-Type" content="text/html;charset=utf-8" />
  <meta name='ocr-system' content='tesseract 3.04.00' />
  <meta name='ocr-capabilities' content='ocr_page ocr_carea ocr_par ocr_line ocrx_word'/>
</head>
<body>
  <div class='ocr_page' id='page_1' title='image "./punicorumlibrix00italgoog/punicorumlibrix00italgoog_0161.png"; bbox 0 0 1920 2962; ppageno 0'>
   <div class='ocr_carea' id='block_1_1' title="bbox 198 139 807 196">
    <p class='ocr_par' dir='ltr' id='par_1_1' title="bbox 198 139 807 196">
     <span class='ocr_line' id='line_1_1' title="bbox 198 139 807 196; baseline 0.003 -2"><span class='ocrx_word' id='word_1_1' title='bbox 198 139 452 194; x_wconf 67' lang='lat' dir='ltr'><strong>Punicorum</strong></span> <span class='ocrx_word' id='word_1_2' title='bbox 486 141 567 194; x_wconf 83' lang='lat' dir='ltr'><strong>Lm.</strong></span> <span class='ocrx_word' id='word_1_3' title='bbox 595 143 655 195; x_wconf 83' lang='lat' dir='ltr'><strong>vll.</strong></span> <span class='ocrx_word' id='word_1_4' title='bbox 757 143 807 196; x_wconf 79' lang='grc'><strong>153</strong></span> 
     </span>
    </p>
   </div>
   <div class='ocr_carea' id='block_1_2' title="bbox 63 259 883 2771">
    <p class='ocr_par' dir='ltr' id='par_1_2' title="bbox 63 259 883 2771">
     <span class='ocr_line' id='line_1_2' title="bbox 64 259 807 330; baseline -0.003 -13"><span class='ocrx_word' id='word_1_5' title='bbox 64 264 142 318; x_wconf 84' lang='lat' dir='ltr'><strong>Dum</strong></span> <span class='ocrx_word' id='word_1_6' title='bbox 156 262 276 313; x_wconf 83' lang='lat' dir='ltr'><strong>dictatur</strong></span> <span class='ocrx_word' id='word_1_7' title='bbox 293 259 384 325; x_wconf 85' lang='lat' dir='ltr'><strong>abest,</strong></span> <span class='ocrx_word' id='word_1_8' title='bbox 400 275 481 329; x_wconf 85' lang='lat' dir='ltr'><strong>rape,</strong></span> <span class='ocrx_word' id='word_1_9' title='bbox 506 262 598 324; x_wconf 85' lang='lat' dir='ltr'><strong>miles,</strong></span> <span class='ocrx_word' id='word_1_10' title='bbox 614 269 741 330; x_wconf 84' lang='lat' dir='ltr'><strong>tempora</strong></span> <span class='ocrx_word' id='word_1_11' title='bbox 759 279 807 330; x_wconf 84' lang='lat' dir='ltr'><strong>pu·</strong></span> 
     </span>
     <span class='ocr_line' id='line_1_3' title="bbox 580 346 621 382; baseline 0 0"><span class='ocrx_word' id='word_1_12' title='bbox 580 346 621 382; x_wconf 87' lang='lat' dir='ltr'><strong>ae.</strong></span> 
     </span>
     <span class='ocr_line' id='line_1_4' title="bbox 63 347 669 468; baseline -0.007 -12"><span class='ocrx_word' id='word_1_13' title='bbox 63 402 129 457; x_wconf 89' lang='lat' dir='ltr'><strong>Nou</strong></span> <span class='ocrx_word' id='word_1_14' title='bbox 139 406 251 468; x_wconf 83' lang='lat' dir='ltr'><strong>sperata</strong></span> <span class='ocrx_word' id='word_1_15' title='bbox 262 399 307 449; x_wconf 89' lang='lat' dir='ltr'><strong>diu</strong></span> <span class='ocrx_word' id='word_1_16' title='bbox 318 398 399 465; x_wconf 82' lang='lat' dir='ltr'><strong>plana</strong></span> <span class='ocrx_word' id='word_1_17' title='bbox 411 347 669 467; x_wconf 54' lang='lat' dir='ltr'><strong>certantiugncampu</strong></span> 
     </span>
     <span class='ocr_line' id='line_1_5' title="bbox 66 468 789 539; baseline -0.003 -15"><span class='ocrx_word' id='word_1_18' title='bbox 66 469 160 524; x_wconf 78' lang='lat' dir='ltr'><strong>offert</strong></span> <span class='ocrx_word' id='word_1_19' title='bbox 170 485 235 521; x_wconf 87' lang='lat' dir='ltr'>ecce</span> <span class='ocrx_word' id='word_1_20' title='bbox 247 468 331 519; x_wconf 89' lang='lat' dir='ltr'><strong>Deus.</strong></span> <span class='ocrx_word' id='word_1_21' title='bbox 352 468 487 529; x_wconf 75' lang='lat' dir='ltr'><strong>Quoniam</strong></span> <span class='ocrx_word' id='word_1_22' title='bbox 498 468 564 520; x_wconf 87' lang='lat' dir='ltr'><strong>data</strong></span> <span class='ocrx_word' id='word_1_23' title='bbox 574 472 668 536; x_wconf 85' lang='lat' dir='ltr'><strong>capia,</strong></span> <span class='ocrx_word' id='word_1_24' title='bbox 679 471 789 539; x_wconf 83' lang='lat' dir='ltr'><strong>longum</strong></span> 
     </span>
     <span class='ocr_line' id='line_1_6' title="bbox 65 536 676 608; baseline -0.005 -15"><span class='ocrx_word' id='word_1_25' title='bbox 65 542 220 608; x_wconf 82' lang='lat' dir='ltr'><strong>Detergete</strong></span> <span class='ocrx_word' id='word_1_26' title='bbox 231 539 313 589; x_wconf 88' lang='lat' dir='ltr'><strong>situm</strong></span> <span class='ocrx_word' id='word_1_27' title='bbox 324 536 414 600; x_wconf 76' lang='lat' dir='ltr'>ferro,</span> <span class='ocrx_word' id='word_1_28' title='bbox 426 538 567 606; x_wconf 79' lang='lat' dir='ltr'><strong>nrrrltoque</strong></span> <span class='ocrx_word' id='word_1_29' title='bbox 579 554 676 590; x_wconf 87' lang='lat' dir='ltr'>cruore</span> 
     </span>
     <span class='ocr_line' id='line_1_7' title="bbox 64 605 863 675; baseline -0.005 -12"><span class='ocrx_word' id='word_1_30' title='bbox 64 609 226 670; x_wconf 80' lang='lat' dir='ltr'><strong>Exeatiate‚</strong></span> <span class='ocrx_word' id='word_1_31' title='bbox 238 607 303 669; x_wconf 83' lang='lat' dir='ltr'><strong>riri,</strong></span> <span class='ocrx_word' id='word_1_32' title='bbox 314 605 410 672; x_wconf 84' lang='lat' dir='ltr'><strong>plenus</strong></span> <span class='ocrx_word' id='word_1_33' title='bbox 422 606 554 675; x_wconf 82' lang='lat' dir='ltr'>rubiginis</span> <span class='ocrx_word' id='word_1_34' title='bbox 564 623 651 660; x_wconf 83' lang='lat' dir='ltr'><strong>enses.</strong></span> <span class='ocrx_word' id='word_1_35' title='bbox 818 609 863 660; x_wconf 67' lang='lat'><strong>531</strong></span> 
     </span>
     <span class='ocr_line' id='line_1_8' title="bbox 65 675 743 748; baseline -0.004 -16"><span class='ocrx_word' id='word_1_36' title='bbox 65 682 156 748; x_wconf 79' lang='lat' dir='ltr'><strong>Atque</strong></span> <span class='ocrx_word' id='word_1_37' title='bbox 167 691 202 729; x_wconf 80' lang='lat' dir='ltr'><strong>ea</strong></span> <span class='ocrx_word' id='word_1_38' title='bbox 211 681 357 727; x_wconf 86' lang='lat' dir='ltr'>cunctator</span> <span class='ocrx_word' id='word_1_39' title='bbox 368 675 502 742; x_wconf 76' lang='lat' dir='ltr'>pensabat</span> <span class='ocrx_word' id='word_1_40' title='bbox 512 678 547 727; x_wconf 92' lang='lat' dir='ltr'><strong>ab</strong></span> <span class='ocrx_word' id='word_1_41' title='bbox 559 693 660 745; x_wconf 79' lang='lat' dir='ltr'>aggere</span> <span class='ocrx_word' id='word_1_42' title='bbox 670 678 743 740; x_wconf 78' lang='lat' dir='ltr'><strong>valli,</strong></span> 
     </span>
     <span class='ocr_line' id='line_1_9' title="bbox 66 744 736 814; baseline -0.006 -13"><span class='ocrx_word' id='word_1_43' title='bbox 66 749 243 802; x_wconf 83' lang='lat' dir='ltr'><strong>Perlustraus</strong></span> <span class='ocrx_word' id='word_1_44' title='bbox 255 759 367 811; x_wconf 83' lang='lat' dir='ltr'><strong>campos</strong></span> <span class='ocrx_word' id='word_1_45' title='bbox 378 744 477 807; x_wconf 86' lang='lat' dir='ltr'><strong>oculis,</strong></span> <span class='ocrx_word' id='word_1_46' title='bbox 489 752 620 813; x_wconf 85' lang='lat' dir='ltr'><strong>tantaque</strong></span> <span class='ocrx_word' id='word_1_47' title='bbox 633 748 736 814; x_wconf 85' lang='lat' dir='ltr'><strong>pericle</strong></span> 
     </span>
     <span class='ocr_line' id='line_1_10' title="bbox 66 814 810 883; baseline -0.004 -13"><span class='ocrx_word' id='word_1_48' title='bbox 66 819 194 881; x_wconf 84' lang='lat' dir='ltr'><strong>Discere,</strong></span> <span class='ocrx_word' id='word_1_49' title='bbox 206 816 315 883; x_wconf 80' lang='lat' dir='ltr'>quinam</span> <span class='ocrx_word' id='word_1_50' title='bbox 326 820 400 865; x_wconf 88' lang='lat' dir='ltr'><strong>esset</strong></span> <span class='ocrx_word' id='word_1_51' title='bbox 411 814 521 877; x_wconf 82' lang='lat' dir='ltr'><strong>Fabius,</strong></span> <span class='ocrx_word' id='word_1_52' title='bbox 533 820 570 876; x_wconf 90' lang='lat' dir='ltr'><strong>te,</strong></span> <span class='ocrx_word' id='word_1_53' title='bbox 582 816 679 877; x_wconf 81' lang='lat' dir='ltr'><strong>Roma,</strong></span> <span class='ocrx_word' id='word_1_54' title='bbox 691 816 810 868; x_wconf 82' lang='lat' dir='ltr'><strong>dolebat.</strong></span> 
     </span>
     <span class='ocr_line' id='line_1_11' title="bbox 68 882 809 952; baseline -0.007 -11"><span class='ocrx_word' id='word_1_55' title='bbox 68 888 119 941; x_wconf 88' lang='lat' dir='ltr'><strong>cni</strong></span> <span class='ocrx_word' id='word_1_56' title='bbox 129 892 211 939; x_wconf 87' lang='lat' dir='ltr'><strong>uatus</strong></span> <span class='ocrx_word' id='word_1_57' title='bbox 217 921 226 947; x_wconf 88' lang='lat'><em>‚</em></span> <span class='ocrx_word' id='word_1_58' title='bbox 236 885 332 935; x_wconf 85' lang='lat' dir='ltr'><strong>iuncta</strong></span> <span class='ocrx_word' id='word_1_59' title='bbox 347 899 425 933; x_wconf 86' lang='lat' dir='ltr'><strong>arma</strong></span> <span class='ocrx_word' id='word_1_60' title='bbox 442 882 549 946; x_wconf 83' lang='lat' dir='ltr'><strong>ferens,</strong></span> <span class='ocrx_word' id='word_1_61' title='bbox 560 884 645 936; x_wconf 86' lang='lat' dir='ltr'><strong>Dabit</strong></span> <span class='ocrx_word' id='word_1_62' title='bbox 660 887 809 952; x_wconf 79' lang='lat' dir='ltr'><strong>improbus,</strong></span> 
     </span>
     <span class='ocr_line' id='line_1_12' title="bbox 544 955 641 1020; baseline 0.01 -16"><span class='ocrx_word' id='word_1_63' title='bbox 544 955 641 1020; x_wconf 84' lang='lat' dir='ltr'><strong>inquit,</strong></span> 
     </span>
     <span class='ocr_line' id='line_1_13' title="bbox 70 1022 871 1092; baseline -0.005 -15"><span class='ocrx_word' id='word_1_64' title='bbox 70 1026 146 1087; x_wconf 78' lang='lat' dir='ltr'><strong>Quas</strong></span> <span class='ocrx_word' id='word_1_65' title='bbox 159 1022 285 1091; x_wconf 76' lang='lat' dir='ltr'><strong>(liguum,</strong></span> <span class='ocrx_word' id='word_1_66' title='bbox 296 1037 413 1088; x_wconf 63' lang='lat' dir='ltr'><strong>paenam</strong></span> <span class='ocrx_word' id='word_1_67' title='bbox 426 1023 469 1090; x_wconf 89' lang='lat' dir='ltr'><strong>qui</strong></span> <span class='ocrx_word' id='word_1_68' title='bbox 483 1037 532 1090; x_wconf 83' lang='lat' dir='ltr'><strong>per</strong></span> <span class='ocrx_word' id='word_1_69' title='bbox 543 1023 675 1092; x_wconf 82' lang='lat' dir='ltr'><strong>suffrngia</strong></span> <span class='ocrx_word' id='word_1_70' title='bbox 685 1039 769 1075; x_wconf 86' lang='lat' dir='ltr'><strong>caeca</strong></span> <span class='ocrx_word' id='word_1_71' title='bbox 820 1024 871 1074; x_wconf 82' lang='lat'><strong>540</strong></span> 
     </span>
     <span class='ocr_line' id='line_1_14' title="bbox 68 1089 701 1147; baseline -0.006 0"><span class='ocrx_word' id='word_1_72' title='bbox 68 1094 174 1147; x_wconf 75' lang='lat' dir='ltr'><strong>Invasit</strong></span> <span class='ocrx_word' id='word_1_73' title='bbox 183 1098 294 1143; x_wconf 86' lang='lat' dir='ltr'><strong>nostros</strong></span> <span class='ocrx_word' id='word_1_74' title='bbox 306 1089 375 1142; x_wconf 83' lang='lat' dir='ltr'><strong>haec</strong></span> <span class='ocrx_word' id='word_1_75' title='bbox 387 1091 422 1142; x_wconf 88' lang='lat' dir='ltr'><strong>ad</strong></span> <span class='ocrx_word' id='word_1_76' title='bbox 433 1092 591 1143; x_wconf 82' lang='lat' dir='ltr'><strong>discrimina</strong></span> <span class='ocrx_word' id='word_1_77' title='bbox 602 1093 701 1145; x_wconf 80' lang='lat' dir='ltr'><strong>fasces.</strong></span> 
     </span>
     <span class='ocr_line' id='line_1_15' title="bbox 68 1161 733 1228; baseline -0.005 -12"><span class='ocrx_word' id='word_1_78' title='bbox 68 1164 186 1216; x_wconf 82' lang='lat' dir='ltr'><strong>lusanae</strong></span> <span class='ocrx_word' id='word_1_79' title='bbox 198 1167 323 1228; x_wconf 85' lang='lat' dir='ltr'><strong>spectate</strong></span> <span class='ocrx_word' id='word_1_80' title='bbox 335 1162 431 1212; x_wconf 86' lang='lat' dir='ltr'><strong>tribus.</strong></span> <span class='ocrx_word' id='word_1_81' title='bbox 450 1161 505 1212; x_wconf 89' lang='lat' dir='ltr'><strong>Pro</strong></span> <span class='ocrx_word' id='word_1_82' title='bbox 516 1161 622 1213; x_wconf 90' lang='lat' dir='ltr'><strong>lubrica</strong></span> <span class='ocrx_word' id='word_1_83' title='bbox 633 1169 733 1224; x_wconf 86' lang='lat' dir='ltr'><strong>rastra,</strong></span> 
     </span>
     <span class='ocr_line' id='line_1_16' title="bbox 68 1229 762 1286; baseline -0.003 0"><span class='ocrx_word' id='word_1_84' title='bbox 68 1234 106 1286; x_wconf 84' lang='lat' dir='ltr'><strong>Et</strong></span> <span class='ocrx_word' id='word_1_85' title='bbox 117 1231 196 1283; x_wconf 79' lang='lat' dir='ltr'><strong>ranis</strong></span> <span class='ocrx_word' id='word_1_86' title='bbox 207 1230 268 1282; x_wconf 80' lang='lat' dir='ltr'><strong>fora</strong></span> <span class='ocrx_word' id='word_1_87' title='bbox 278 1231 351 1281; x_wconf 87' lang='lat' dir='ltr'><strong>laeta</strong></span> <span class='ocrx_word' id='word_1_88' title='bbox 361 1229 439 1281; x_wconf 75' lang='lat' dir='ltr'><strong>viris!</strong></span> <span class='ocrx_word' id='word_1_89' title='bbox 451 1229 529 1282; x_wconf 87' lang='lat' dir='ltr'><strong>Nunc</strong></span> <span class='ocrx_word' id='word_1_90' title='bbox 541 1246 654 1283; x_wconf 90' lang='lat' dir='ltr'><strong>munera</strong></span> <span class='ocrx_word' id='word_1_91' title='bbox 664 1233 762 1283; x_wconf 85' lang='lat' dir='ltr'><strong>Martis</strong></span> 
     </span>
     <span class='ocr_line' id='line_1_17' title="bbox 68 1300 723 1370; baseline -0.005 -15"><span class='ocrx_word' id='word_1_92' title='bbox 68 1304 194 1370; x_wconf 77' lang='lat' dir='ltr'><strong>Aequent</strong></span> <span class='ocrx_word' id='word_1_93' title='bbox 203 1301 333 1366; x_wconf 84' lang='lat' dir='ltr'><strong>imperio,</strong></span> <span class='ocrx_word' id='word_1_94' title='bbox 347 1306 376 1350; x_wconf 91' lang='lat' dir='ltr'><strong>et</strong></span> <span class='ocrx_word' id='word_1_95' title='bbox 386 1300 473 1352; x_wconf 86' lang='lat' dir='ltr'><strong>solem</strong></span> <span class='ocrx_word' id='word_1_96' title='bbox 485 1301 637 1354; x_wconf 78' lang='lat' dir='ltr'>concedere</span> <span class='ocrx_word' id='word_1_97' title='bbox 648 1304 723 1353; x_wconf 86' lang='lat' dir='ltr'><strong>nacti</strong></span> 
     </span>
     <span class='ocr_line' id='line_1_18' title="bbox 69 1369 872 1439; baseline -0.006 -15"><span class='ocrx_word' id='word_1_98' title='bbox 69 1370 199 1424; x_wconf 85' lang='lat' dir='ltr'><strong>Sciscaut</strong></span> <span class='ocrx_word' id='word_1_99' title='bbox 207 1369 338 1421; x_wconf 86' lang='lat' dir='ltr'><strong>imbelles.</strong></span> <span class='ocrx_word' id='word_1_100' title='bbox 357 1370 459 1438; x_wconf 86' lang='lat' dir='ltr'><strong>Magna</strong></span> <span class='ocrx_word' id='word_1_101' title='bbox 468 1371 597 1423; x_wconf 85' lang='lat' dir='ltr'>mercede</span> <span class='ocrx_word' id='word_1_102' title='bbox 608 1372 723 1439; x_wconf 85' lang='lat' dir='ltr'><strong>piabunt</strong></span> <span class='ocrx_word' id='word_1_103' title='bbox 822 1370 872 1420; x_wconf 81' lang='lat'><strong>545</strong></span> 
     </span>
     <span class='ocr_line' id='line_1_19' title="bbox 67 1438 777 1508; baseline -0.003 -14"><span class='ocrx_word' id='word_1_104' title='bbox 67 1441 181 1494; x_wconf 74' lang='lat' dir='ltr'><strong>Erratis</strong></span> <span class='ocrx_word' id='word_1_105' title='bbox 191 1438 310 1502; x_wconf 85' lang='lat' dir='ltr'><strong>rabiem,</strong></span> <span class='ocrx_word' id='word_1_106' title='bbox 323 1444 351 1489; x_wconf 92' lang='lat' dir='ltr'><strong>et</strong></span> <span class='ocrx_word' id='word_1_107' title='bbox 362 1446 485 1491; x_wconf 87' lang='lat' dir='ltr'><strong>nastrum</strong></span> <span class='ocrx_word' id='word_1_108' title='bbox 495 1441 613 1492; x_wconf 83' lang='lat' dir='ltr'><strong>violasse</strong></span> <span class='ocrx_word' id='word_1_109' title='bbox 625 1449 777 1508; x_wconf 80' lang='lat' dir='ltr'><strong>parentem.</strong></span> 
     </span>
     <span class='ocr_line' id='line_1_20' title="bbox 68 1507 811 1578; baseline -0.004 -15"><span class='ocrx_word' id='word_1_110' title='bbox 68 1512 142 1563; x_wconf 88' lang='lat' dir='ltr'><strong>Tum</strong></span> <span class='ocrx_word' id='word_1_111' title='bbox 154 1510 261 1571; x_wconf 86' lang='lat' dir='ltr'><strong>senior,</strong></span> <span class='ocrx_word' id='word_1_112' title='bbox 274 1510 399 1576; x_wconf 83' lang='lat' dir='ltr'><strong>quatiens</strong></span> <span class='ocrx_word' id='word_1_113' title='bbox 411 1507 532 1573; x_wconf 82' lang='lat' dir='ltr'><strong>hastam,</strong></span> <span class='ocrx_word' id='word_1_114' title='bbox 542 1509 716 1578; x_wconf 77' lang='lat' dir='ltr'>lacrimisque</span> <span class='ocrx_word' id='word_1_115' title='bbox 733 1525 811 1561; x_wconf 65' lang='lat' dir='ltr'><strong>coura</strong></span> 
     </span>
     <span class='ocr_line' id='line_1_21' title="bbox 546 1581 596 1631; baseline 0.02 -3"><span class='ocrx_word' id='word_1_116' title='bbox 546 1581 596 1631; x_wconf 83' lang='lat' dir='ltr'><strong>tis:</strong></span> 
     </span>
     <span class='ocr_line' id='line_1_22' title="bbox 67 1647 779 1717; baseline -0.004 -15"><span class='ocrx_word' id='word_1_117' title='bbox 67 1648 211 1717; x_wconf 84' lang='lat' dir='ltr'><strong>Sanguine</strong></span> <span class='ocrx_word' id='word_1_118' title='bbox 222 1647 393 1710; x_wconf 86' lang='lat' dir='ltr'><strong>Poenorum,</strong></span> <span class='ocrx_word' id='word_1_119' title='bbox 403 1649 521 1709; x_wconf 88' lang='lat' dir='ltr'><strong>iuvenis,</strong></span> <span class='ocrx_word' id='word_1_120' title='bbox 534 1655 591 1699; x_wconf 90' lang='lat' dir='ltr'><strong>tam</strong></span> <span class='ocrx_word' id='word_1_121' title='bbox 602 1651 694 1700; x_wconf 86' lang='lat' dir='ltr'><strong>tristia</strong></span> <span class='ocrx_word' id='word_1_122' title='bbox 704 1650 779 1699; x_wconf 88' lang='lat' dir='ltr'><strong>dicta</strong></span> 
     </span>
     <span class='ocr_line' id='line_1_23' title="bbox 70 1716 809 1783; baseline -0.005 -12"><span class='ocrx_word' id='word_1_123' title='bbox 70 1718 141 1771; x_wconf 69' lang='lat' dir='ltr'><strong>Sunt</strong></span> <span class='ocrx_word' id='word_1_124' title='bbox 152 1716 289 1768; x_wconf 86' lang='lat' dir='ltr'><strong>abolenda</strong></span> <span class='ocrx_word' id='word_1_125' title='bbox 300 1717 358 1767; x_wconf 88' lang='lat' dir='ltr'><strong>tibi.</strong></span> <span class='ocrx_word' id='word_1_126' title='bbox 378 1717 509 1768; x_wconf 87' lang='lat' dir='ltr'><strong>Patiarne</strong></span> <span class='ocrx_word' id='word_1_127' title='bbox 521 1724 584 1767; x_wconf 88' lang='lat' dir='ltr'><strong>aute</strong></span> <span class='ocrx_word' id='word_1_128' title='bbox 598 1733 648 1767; x_wconf 88' lang='lat' dir='ltr'><strong>ora</strong></span> <span class='ocrx_word' id='word_1_129' title='bbox 659 1732 809 1783; x_wconf 88' lang='lat' dir='ltr'><strong>manusque</strong></span> 
     </span>
     <span class='ocr_line' id='line_1_24' title="bbox 77 1784 875 1847; baseline -0.005 -7"><span class='ocrx_word' id='word_1_130' title='bbox 77 1789 166 1841; x_wconf 60' lang='lat' dir='ltr'><strong>{irem</strong></span> <span class='ocrx_word' id='word_1_131' title='bbox 175 1786 260 1838; x_wconf 84' lang='lat' dir='ltr'><strong>deleri</strong></span> <span class='ocrx_word' id='word_1_132' title='bbox 272 1784 399 1837; x_wconf 77' lang='lat' dir='ltr'><strong>riustrasi</strong></span> <span class='ocrx_word' id='word_1_133' title='bbox 415 1792 463 1837; x_wconf 90' lang='lat' dir='ltr'><strong>aut</strong></span> <span class='ocrx_word' id='word_1_134' title='bbox 473 1787 583 1836; x_wconf 69' lang='lat' dir='ltr'><strong>uincere</strong></span> <span class='ocrx_word' id='word_1_135' title='bbox 593 1786 725 1847; x_wconf 87' lang='lat' dir='ltr'><strong>Poenum,</strong></span> <span class='ocrx_word' id='word_1_136' title='bbox 823 1785 875 1836; x_wconf 82' lang='grc'><strong>550</strong></span> 
     </span>
     <span class='ocr_line' id='line_1_25' title="bbox 83 1853 765 1924; baseline -0.009 -14"><span class='ocrx_word' id='word_1_137' title='bbox 83 1859 115 1910; x_wconf 81' lang='lat' dir='ltr'><strong>ie</strong></span> <span class='ocrx_word' id='word_1_138' title='bbox 128 1861 289 1924; x_wconf 75' lang='lat' dir='ltr'><strong>spectante,</strong></span> <span class='ocrx_word' id='word_1_139' title='bbox 301 1853 405 1906; x_wconf 68' lang='lat' dir='ltr'><strong>sinam!</strong></span> <span class='ocrx_word' id='word_1_140' title='bbox 416 1853 474 1905; x_wconf 88' lang='lat' dir='ltr'><strong>Nus</strong></span> <span class='ocrx_word' id='word_1_141' title='bbox 486 1855 646 1921; x_wconf 57' lang='lat' dir='ltr'><strong>aequauisse</strong></span> <span class='ocrx_word' id='word_1_142' title='bbox 657 1855 765 1915; x_wconf 75' lang='lat' dir='ltr'><strong>nunni-i,</strong></span> 
     </span>
     <span class='ocr_line' id='line_1_26' title="bbox 91 1922 674 1992; baseline -0.007 -13"><span class='ocrx_word' id='word_1_143' title='bbox 91 1927 201 1980; x_wconf 79' lang='lat' dir='ltr'><strong>ulvetur</strong></span> <span class='ocrx_word' id='word_1_144' title='bbox 213 1925 306 1992; x_wconf 82' lang='lat' dir='ltr'><strong>culpa,</strong></span> <span class='ocrx_word' id='word_1_145' title='bbox 317 1925 341 1975; x_wconf 86' lang='lat' dir='ltr'><strong>si</strong></span> <span class='ocrx_word' id='word_1_146' title='bbox 353 1930 416 1974; x_wconf 81' lang='lat' dir='ltr'><strong>sunt</strong></span> <span class='ocrx_word' id='word_1_147' title='bbox 426 1922 493 1975; x_wconf 90' lang='lat' dir='ltr'><strong>mihi</strong></span> <span class='ocrx_word' id='word_1_148' title='bbox 502 1924 569 1975; x_wconf 86' lang='lat' dir='ltr'><strong>talia</strong></span> <span class='ocrx_word' id='word_1_149' title='bbox 581 1924 674 1975; x_wconf 83' lang='lat' dir='ltr'><strong>corda.</strong></span> 
     </span>
     <span class='ocr_line' id='line_1_27' title="bbox 99 1993 814 2064; baseline -0.004 -16"><span class='ocrx_word' id='word_1_150' title='bbox 99 2010 185 2064; x_wconf 86' lang='lat' dir='ltr'><strong>mque</strong></span> <span class='ocrx_word' id='word_1_151' title='bbox 197 1994 251 2046; x_wconf 87' lang='lat' dir='ltr'><strong>hac</strong></span> <span class='ocrx_word' id='word_1_152' title='bbox 263 1996 310 2057; x_wconf 84' lang='lat' dir='ltr'><strong>(ne</strong></span> <span class='ocrx_word' id='word_1_153' title='bbox 321 1993 441 2058; x_wconf 87' lang='lat' dir='ltr'><strong>dubites)</strong></span> <span class='ocrx_word' id='word_1_154' title='bbox 452 1995 592 2062; x_wconf 83' lang='lat' dir='ltr'><strong>longaevi,</strong></span> <span class='ocrx_word' id='word_1_155' title='bbox 604 2001 682 2057; x_wconf 86' lang='lat' dir='ltr'><strong>nate,</strong></span> <span class='ocrx_word' id='word_1_156' title='bbox 692 1996 814 2062; x_wconf 79' lang='lat' dir='ltr'><strong>parentis</strong></span> 
     </span>
     <span class='ocr_line' id='line_1_28' title="bbox 103 2063 739 2133; baseline -0.002 -19"><span class='ocrx_word' id='word_1_157' title='bbox 103 2068 189 2133; x_wconf 72' lang='lat' dir='ltr'><strong>cipe,</strong></span> <span class='ocrx_word' id='word_1_158' title='bbox 200 2071 229 2116; x_wconf 89' lang='lat' dir='ltr'><strong>et</strong></span> <span class='ocrx_word' id='word_1_159' title='bbox 241 2069 354 2116; x_wconf 86' lang='lat' dir='ltr'><strong>aeterno</strong></span> <span class='ocrx_word' id='word_1_160' title='bbox 365 2065 450 2116; x_wconf 78' lang='lat' dir='ltr'><strong>fixum</strong></span> <span class='ocrx_word' id='word_1_161' title='bbox 460 2063 511 2115; x_wconf 86' lang='lat' dir='ltr'><strong>sub</strong></span> <span class='ocrx_word' id='word_1_162' title='bbox 523 2071 636 2130; x_wconf 86' lang='lat' dir='ltr'>pectere</span> <span class='ocrx_word' id='word_1_163' title='bbox 646 2080 739 2117; x_wconf 87' lang='lat' dir='ltr'><strong>serva:</strong></span> 
     </span>
     <span class='ocr_line' id='line_1_29' title="bbox 110 2132 875 2200; baseline -0.005 -11"><span class='ocrx_word' id='word_1_164' title='bbox 110 2149 242 2200; x_wconf 78' lang='lat' dir='ltr'><strong>accusare</strong></span> <span class='ocrx_word' id='word_1_165' title='bbox 253 2132 330 2185; x_wconf 76' lang='lat' dir='ltr'><strong>nefas</strong></span> <span class='ocrx_word' id='word_1_166' title='bbox 341 2135 462 2199; x_wconf 62' lang='lat' dir='ltr'><strong>patriam</strong></span> <span class='ocrx_word' id='word_1_167' title='bbox 475 2149 525 2185; x_wconf 90' lang='lat' dir='ltr'><strong>uec</strong></span> <span class='ocrx_word' id='word_1_168' title='bbox 536 2133 645 2186; x_wconf 81' lang='lat' dir='ltr'><strong>foedior</strong></span> <span class='ocrx_word' id='word_1_169' title='bbox 654 2135 710 2187; x_wconf 86' lang='lat' dir='ltr'><strong>ulla</strong></span> <span class='ocrx_word' id='word_1_170' title='bbox 823 2134 875 2187; x_wconf 83' lang='grc'><strong>555</strong></span> 
     </span>
     <span class='ocr_line' id='line_1_30' title="bbox 114 2202 770 2274; baseline -0.003 -17"><span class='ocrx_word' id='word_1_171' title='bbox 114 2207 159 2274; x_wconf 70' lang='lat' dir='ltr'><strong>ipa</strong></span> <span class='ocrx_word' id='word_1_172' title='bbox 170 2202 221 2257; x_wconf 84' lang='lat' dir='ltr'><strong>sub</strong></span> <span class='ocrx_word' id='word_1_173' title='bbox 233 2208 370 2255; x_wconf 83' lang='lat' dir='ltr'><strong>extremas</strong></span> <span class='ocrx_word' id='word_1_174' title='bbox 381 2202 470 2257; x_wconf 81' lang='lat' dir='ltr'><strong>fertur</strong></span> <span class='ocrx_word' id='word_1_175' title='bbox 479 2204 640 2256; x_wconf 83' lang='lat' dir='ltr'><strong>mortalibus</strong></span> <span class='ocrx_word' id='word_1_176' title='bbox 651 2206 770 2258; x_wconf 85' lang='lat' dir='ltr'><strong>umbras.</strong></span> 
     </span>
     <span class='ocr_line' id='line_1_31' title="bbox 128 2272 760 2343; baseline 0.002 -17"><span class='ocrx_word' id='word_1_177' title='bbox 128 2275 252 2326; x_wconf 85' lang='lat' dir='ltr'>docuere</span> <span class='ocrx_word' id='word_1_178' title='bbox 263 2287 352 2323; x_wconf 87' lang='lat' dir='ltr'><strong>senas.</strong></span> <span class='ocrx_word' id='word_1_179' title='bbox 372 2272 511 2335; x_wconf 78' lang='lat' dir='ltr'><strong>Quantus,</strong></span> <span class='ocrx_word' id='word_1_180' title='bbox 523 2275 664 2343; x_wconf 86' lang='lat' dir='ltr'><strong>qualisque</strong></span> <span class='ocrx_word' id='word_1_181' title='bbox 675 2275 760 2336; x_wconf 80' lang='lat' dir='ltr'><strong>fuisti,</strong></span> 
     </span>
     <span class='ocr_line' id='line_1_32' title="bbox 128 2341 723 2413; baseline -0.005 -16"><span class='ocrx_word' id='word_1_182' title='bbox 128 2361 138 2397; x_wconf 86' lang='grc' dir='ltr'><strong>ι</strong></span> <span class='ocrx_word' id='word_1_183' title='bbox 150 2343 247 2413; x_wconf 84' lang='lat' dir='ltr'><strong>pulsus</strong></span> <span class='ocrx_word' id='word_1_184' title='bbox 256 2341 316 2393; x_wconf 85' lang='lat' dir='ltr'><strong>iare</strong></span> <span class='ocrx_word' id='word_1_185' title='bbox 327 2346 355 2393; x_wconf 87' lang='lat' dir='ltr'><strong>et</strong></span> <span class='ocrx_word' id='word_1_186' title='bbox 365 2341 483 2392; x_wconf 84' lang='lat' dir='ltr'><strong>extorris</strong></span> <span class='ocrx_word' id='word_1_187' title='bbox 495 2343 632 2409; x_wconf 76' lang='lat' dir='ltr'><strong>Capitolia</strong></span> <span class='ocrx_word' id='word_1_188' title='bbox 641 2360 723 2395; x_wconf 87' lang='lat' dir='ltr'><strong>curru</strong></span> 
     </span>
     <span class='ocr_line' id='line_1_33' title="bbox 134 2409 747 2476; baseline -0.008 -8"><span class='ocrx_word' id='word_1_189' title='bbox 134 2429 193 2468; x_wconf 74' lang='lat' dir='ltr'><strong>ares</strong></span> <span class='ocrx_word' id='word_1_190' title='bbox 205 2410 296 2464; x_wconf 83' lang='lat' dir='ltr'><strong>exsuli</strong></span> <span class='ocrx_word' id='word_1_191' title='bbox 311 2409 376 2462; x_wconf 86' lang='lat' dir='ltr'><strong>Tibi</strong></span> <span class='ocrx_word' id='word_1_192' title='bbox 388 2425 507 2476; x_wconf 83' lang='lat' dir='ltr'>corpure</span> <span class='ocrx_word' id='word_1_193' title='bbox 518 2427 614 2476; x_wconf 83' lang='lat' dir='ltr'><strong>caesa,</strong></span> <span class='ocrx_word' id='word_1_194' title='bbox 627 2411 747 2474; x_wconf 61' lang='lat' dir='ltr'><strong>(tanrilla,</strong></span> 
     </span>
     <span class='ocr_line' id='line_1_34' title="bbox 142 2477 883 2550; baseline -0.016 -11"><span class='ocrx_word' id='word_1_195' title='bbox 142 2477 729 2550; x_wconf 81' lang='lat' dir='ltr'><strong>nataquntsuntdextralPacatsiuissent</strong></span> <span class='ocrx_word' id='word_1_196' title='bbox 824 2478 883 2528; x_wconf 67' lang='lat' dir='ltr'><strong>aaa</strong></span> 
     </span>
     <span class='ocr_line' id='line_1_35' title="bbox 147 2550 803 2623; baseline -0.009 -17"><span class='ocrx_word' id='word_1_197' title='bbox 147 2553 246 2608; x_wconf 75' lang='lat' dir='ltr'><strong>maulia</strong></span> <span class='ocrx_word' id='word_1_198' title='bbox 255 2552 329 2614; x_wconf 82' lang='lat' dir='ltr'><strong>viru,</strong></span> <span class='ocrx_word' id='word_1_199' title='bbox 340 2564 473 2620; x_wconf 89' lang='lat' dir='ltr'><strong>meusque</strong></span> <span class='ocrx_word' id='word_1_200' title='bbox 482 2550 803 2623; x_wconf 66' lang='lat' dir='ltr'><strong>imneneuabiiisirae3</strong></span> 
     </span>
     <span class='ocr_line' id='line_1_36' title="bbox 153 2621 758 2694; baseline 0.013 -20"><span class='ocrx_word' id='word_1_201' title='bbox 153 2627 278 2691; x_wconf 72' lang='lat' dir='ltr'><strong>rerutque</strong></span> <span class='ocrx_word' id='word_1_202' title='bbox 288 2621 379 2677; x_wconf 84' lang='lat' dir='ltr'><strong>solum</strong></span> <span class='ocrx_word' id='word_1_203' title='bbox 393 2623 517 2694; x_wconf 77' lang='lat' dir='ltr'><strong>sceptris</strong></span> <span class='ocrx_word' id='word_1_204' title='bbox 529 2625 758 2690; x_wconf 44' lang='lat' dir='ltr'><strong>beneiaacan&amp;</strong></span> 
     </span>
     <span class='ocr_line' id='line_1_37' title="bbox 161 2692 868 2771; baseline 0.01 -25"><span class='ocrx_word' id='word_1_205' title='bbox 161 2709 196 2747; x_wconf 84' lang='lat' dir='ltr'><strong>ue</strong></span> <span class='ocrx_word' id='word_1_206' title='bbox 206 2708 282 2771; x_wconf 83' lang='lat' dir='ltr'><strong>nunc</strong></span> <span class='ocrx_word' id='word_1_207' title='bbox 292 2701 390 2752; x_wconf 82' lang='lat' dir='ltr'><strong>stares</strong></span> <span class='ocrx_word' id='word_1_208' title='bbox 400 2697 685 2753; x_wconf 78' lang='lat' dir='ltr'><strong>terrarumrertice</strong></span> <span class='ocrx_word' id='word_1_209' title='bbox 695 2692 831 2758; x_wconf 46' lang='grc' dir='ltr'><strong>,ΜΨ</strong></span> <span class='ocrx_word' id='word_1_210' title='bbox 864 2748 868 2753; x_wconf 91' lang='lat'>.</span> 
     </span>
    </p>
   </div>
   <div class='ocr_carea' id='block_1_3' title="bbox 0 0 971 2962">
    <p class='ocr_par' dir='ltr' id='par_1_3' title="bbox 0 0 971 2962">
     <span class='ocr_line' id='line_1_38' title="bbox 0 0 971 2962; baseline 0 0"><span class='ocrx_word' id='word_1_211' title='bbox 0 0 971 2962; x_wconf 95' lang='lat' dir='ltr'><strong> </strong></span> 
     </span>
    </p>
   </div>
  </div>
 </body>
</html>
