1920 2962
232 157 478 211 Punicorum
506 157 584 212 ΜΒ.
616 160 649 211 V.
726 156 728 161 ’
777 162 810 214 fi

74 279 172 342 Donec
184 275 374 327 flammiferum
384 276 511 327 tollentes
523 291 641 345 aequore
652 295 760 330 currum
836 281 868 332 5⁶

73 347 146 399 Solis
159 348 221 413 equi
232 360 356 411 sparsere
368 345 447 396 diem.
476 346 595 412 lamque,
608 349 674 399 orbe
685 355 790 412 renato,

72 417 199 468 Diluerat
210 415 321 465 nebulas
332 415 424 477 Titan,
437 415 590 482 sensimque
604 414 706 468 fluebat

71 485 169 552 Caligo
179 485 207 533 in
217 489 305 534 terras
316 483 401 534 nitido
411 484 533 534 resoiuta
543 499 650 536 sereno.

72 555 153 605 Tunc
165 552 229 614 ales,
241 554 359 618 priscum
369 552 477 619 populis
487 552 521 603 de
533 567 610 602 more
621 553 727 605 Latinis

71 623 238 689 Auspicium,
251 636 312 672 oum
323 621 396 671 belia
405 626 511 688 parant,
521 627 680 689 mentesque
691 623 811 675 Deorum
837 626 870 675 do

72 692 226 758 Explorant
236 705 319 756 super
329 697 436 752 eventu,
449 705 498 741 ceu
510 691 635 757 praescia
646 692 744 754 luctus,

71 760 223 812 Damnavit
231 760 313 820 vesci,
325 759 488 824 planctuque
500 760 628 811 alimenta
636 761 744 828 refugit.

71 829 133 882 Neo
141 843 227 880 rauco
238 834 333 878 taurus
345 828 462 878 cessavit
472 826 560 878 flebile
573 828 608 878 ad
619 843 680 879 aras

71 898 218 965 immugire
231 912 308 959 sono,
319 911 494 962 pressamque
506 896 540 947 ad
551 896 622 948 colla
632 898 774 965 bipennem

72 969 184 1020 lacerta
193 968 300 1017 cervice
311 964 411 1026 ferens,
424 964 522 1015 altaria
532 966 617 1033 liquit.
837 970 869 1020 65

74 1035 160 1103 Signa
171 1037 252 1086 etiam
264 1034 352 1086 affusa
362 1040 470 1085 certant
481 1035 544 1085 dum
554 1035 654 1087 vellere
664 1037 744 1099 mole,

72 1107 179 1156 Taeter
189 1103 270 1155 humo
282 1103 374 1154 lacera
383 1105 516 1154 nitentum
527 1106 617 1171 erupit
625 1107 653 1155 in
664 1120 714 1156 ora

73 1174 223 1226 Exsultans
234 1188 323 1235 cruor,
334 1178 362 1224 et
373 1172 464 1223 coedis
475 1172 640 1224 documenta
650 1173 759 1225 futurae

72 1245 139 1310 lpsa
148 1258 246 1310 parens
258 1243 362 1293 miseris
372 1242 476 1308 gremio
488 1241 563 1292 dedit
575 1247 635 1292 atra
647 1250 774 1294 cruento:

70 1315 112 1365 Ao
123 1328 205 1379 super
214 1310 283 1363 haec
288 1311 389 1362 Divum
400 1312 516 1378 genitor,
525 1317 665 1379 terrasque
672 1312 825 1381 fretumque
837 1315 870 1365 to

74 1384 239 1433 Concutiens
250 1382 363 1442 tonitru,
376 1380 527 1447 Cyclopum
538 1386 617 1448 rapta
627 1384 739 1434 caminis

71 1450 199 1503 Fulmina
209 1448 368 1516 Tyrrhenas
380 1447 562 1515 'l'hrasymeni
573 1452 654 1502 torsit
662 1453 689 1502 in
700 1453 800 1503 undas:

71 1522 201 1587 letusque
212 1518 342 1571 aetherea
352 1535 401 1585 per
411 1524 508 1586 stagna
517 1522 640 1586 patentia
649 1519 758 1571 flamma

71 1589 200 1642 Fumarit
209 1588 293 1650 lacus,
306 1594 386 1656 atque
399 1594 524 1639 arserunt
534 1588 660 1641 fluctibus
671 1591 755 1657 ignes.

72 1658 138 1710 Heu
148 1659 209 1709 vani
221 1660 346 1720 monitus,
358 1657 514 1724 frustraque
524 1661 660 1710 morantia
670 1659 773 1710 Parcas
837 1661 869 1710 75

71 1725 217 1796 Prodigia!
237 1725 288 1777 heu
300 1727 364 1778 fatis
375 1726 473 1794 Superi
484 1734 605 1778 certasse
617 1728 747 1778 minores!

71 1797 161 1864 Atque
173 1796 226 1858 hio,
239 1798 364 1862 egregius
374 1797 492 1864 linguae,
504 1811 655 1863 nomenque
666 1797 821 1862 superbum,

72 1866 216 1926 Corvinus,
227 1863 357 1915 Phoebea
367 1866 445 1916 sedet
456 1866 500 1915 cui
512 1865 617 1916 casside
628 1864 702 1914 fulva

73 1935 223 1986 Ostentans
235 1932 290 1984 ales
301 1935 440 1999 proauitae
450 1935 568 2002 insignia
577 1949 692 2002 pugnae,

72 2004 174 2056 Plenus
187 2004 283 2069 etipse
293 2003 391 2064 Deum,
403 2010 431 2054 et
442 2005 546 2055 socium
558 2009 678 2055 terrente
690 2019 800 2070 pavore,
838 2007 870 2055 80

71 2074 212 2124 immiscet
223 2071 349 2139 precibus
360 2074 473 2135 monita,
485 2079 566 2141 atque
576 2072 619 2125 his
629 2074 742 2125 vocibus
752 2074 820 2125 iniit.

71 2143 171 2193 iliacas
183 2157 231 2208 per
240 2147 269 2193 te
281 2141 413 2203 flammas,
425 2142 597 2209 Tarpeiaque
608 2157 684 2206 saxa,

70 2212 127 2263 Per
139 2213 253 2278 patrios,
265 2211 373 2274 Consul,
384 2225 485 2274 muros,
497 2226 679 2279 suspensaque
690 2219 800 2263 nostrae

71 2281 180 2331 Eventu
191 2296 297 2350 pugnae
309 2286 436 2331 natorum
446 2281 568 2348 pignora,
582 2282 663 2333 cedas

73 2350 192 2401 Oramus
203 2349 324 2417 Superis,
336 2355 497 2417 tempusque
508 2350 542 2400 ad
553 2352 658 2416 proelia
669 2350 793 2401 dextrum
837 2351 868 2399 85

72 2419 234 2486 Opperiare.
261 2419 374 2470 Dabunt
384 2419 455 2470 idem
468 2433 632 2487 camposque
643 2419 768 2486 diemque

71 2487 229 2556 Pugnandir
248 2493 364 2552 tantum,
375 2503 409 2539 ne
421 2487 567 2556 dedignare
579 2488 714 2540 secundos

71 2557 243 2622 Exspectare
254 2557 338 2610 Deos.
368 2559 433 2610 Cum
445 2556 552 2608 fulserit
562 2557 639 2621 hora,
651 2562 792 2609 cruentam

72 2625 152 2687 Quae
164 2631 282 2694 stragem
292 2626 400 2696 Libyae
410 2631 515 2697 portet,
525 2632 589 2680 tum
597 2628 846 2698 dignaseuquanzux

68 2693 150 2745 Num
162 2694 238 2746 miss
248 2712 339 2764 manu,
351 2701 488 2773 vescique
496 2701 654 2756 interritus
663 2696 728 2748 aies

95 2758 224 2817 Staius
243 2767 342 2826 irin.
722 2761 755 2812 (ἃ
