1920 2962
210 138 464 191 Punicorum
497 138 578 190 LlB.
601 138 649 189 lX.
751 140 801 194 185

59 260 182 312 Pectore
194 259 341 324 suspirans,
351 257 456 308 iuuenis
467 271 522 307 non
531 258 616 308 verba
624 259 752 327 vicesque

60 328 188 395 Alloqulo
199 341 330 377 vocemve
341 325 440 388 refert3
450 326 498 376 sed
510 327 647 393 sanguinis
661 330 713 379 otri

60 395 167 449 Sistere
177 395 290 447 festinat
301 409 417 457 cursum,
428 393 601 461 laceroqueli
623 410 669 447 are

61 467 148 517 Ocius
158 464 322 515 illacrimans
335 463 418 513 altrrm
430 463 563 514 velamine
574 481 589 512 v
638 479 678 515 us.
809 469 863 521 155

59 534 186 585 Tandem
196 535 269 583 inter
277 535 394 600 gemitus
404 533 521 583 miserae
533 547 647 599 erupere
660 535 797 600 querelae.

59 600 170 654 Siccine
181 608 209 652 te
221 602 308 663 nobis,
318 602 435 668 genitor,
447 601 570 652 Fortuna
579 601 687 653 reducit

56 674 91 723 ln
103 669 237 739 patriam?
256 671 295 721 sic
307 678 335 721 te
344 676 420 731 nato,
430 676 576 737 natumque
588 672 695 736 parenti

56 741 148 806 Impia
158 738 296 790 restituitl
314 738 392 789 Felix
402 753 418 789 o
428 744 526 805 terque
537 745 687 806 quaterque

56 810 168 871 Frater,
179 809 222 859 cui
233 807 298 859 fatis
309 809 461 875 genitorem
473 822 623 874 agnoscere
636 809 785 860 ademtam!
810 812 862 864 loo

55 880 181 944 detego,
193 875 312 928 Sidoniis
320 876 491 942 imperditus,
503 891 578 937 ecce,
590 883 730 942 parentem

55 947 180 1000 Vulnere
192 960 339 1012 cognosco.
361 943 465 996 Saltem
477 943 539 1006 hoc,
551 946 682 1008 Fortuna,
694 946 789 999 fuisset

57 1015 188 1068 Solamen
200 1014 305 1080 culpae,
317 1014 400 1064 dubia
410 1021 441 1064 ut
450 1013 517 1064 mihi
528 1015 605 1080 signa
618 1014 739 1067 dedisses

56 1083 177 1136 lufausti
188 1085 304 1150 generis.
324 1084 428 1135 Verum
438 1083 574 1149 linquetur
584 1085 681 1150 iniquis

56 1153 121 1206 Non
133 1153 206 1203 ultra
216 1150 329 1218 Superis
340 1157 449 1202 nostros
461 1152 550 1201 celare
561 1152 677 1203 labores.
809 1157 859 1208 165

55 1224 138 1275 llaec
151 1222 215 1272 dum
227 1235 321 1270 amens
333 1221 464 1287 queritur,
475 1220 539 1282 iam,
552 1219 696 1273 deficiente
708 1237 812 1287 cruore,

55 1293 88 1344 Ιι
97 1306 202 1342 vacuas
214 1290 306 1340 senior
315 1291 399 1339 vitam
409 1289 577 1355 disperserat
588 1305 675 1341 nurus.

57 1363 131 1412 Tum
142 1360 257 1419 iuvenis,
269 1364 403 1409 maestum
414 1357 541 1409 attollens
554 1359 587 1408 ad
594 1359 683 1411 sidera
689 1362 805 1412 mltum:

56 1429 186 1482 Pollutae
198 1429 312 1479 dextrae
324 1434 351 1478 et
362 1426 429 1478 facti
440 1428 552 1478 'litania
564 1429 641 1479 testis

55 1497 176 1559 infandi,
188 1512 258 1565 quae
269 1502 402 1547 nocturno
413 1511 476 1547 moa
486 1495 586 1547 lumine
596 1497 652 1547 tela
808 1499 860 1549 lto

55 1568 164 1635 Dirigis
172 1569 200 1618 in
213 1567 329 1631 patrium
342 1580 450 1632 corpus,
461 1580 516 1615 non
526 1567 650 1632 amplius,
661 1566 757 1632 inquit,

57 1637 112 1688 His
124 1636 209 1687 oculis
221 1641 249 1686 et
260 1635 389 1685 damnato
399 1632 538 1684 violabere
550 1635 617 1684 risu.

58 1706 140 1757 llaec
154 1710 302 1781 memorat,
320 1703 400 1754 simul
411 1716 475 1752 cnse
488 1701 558 1753 ludit
568 1702 745 1767 praecordia,
761 1709 799 1765 et,

537 1776 628 1818 atrum

59 1840 224 1895 Sustentsns
235 1842 341 1902 vulnus,
352 1840 475 1890 mananti
486 1839 617 1905 sanguine
628 1838 718 1904 signat

58 1912 91 1965 ln
112 1911 212 1979 clypeo
232 1910 364 1963 mandata
385 1909 486 1977 patris,
508 1920 600 1956 suos
621 1919 789 1970 enorum,

537 1991 556 2026 v
565 1992 581 2027 n
589 1991 670 2026 nno:
810 1977 859 2028 115

58 2051 98 2101 Ac
108 2048 208 2101 sumnd
217 2050 336 2117 tegimen
347 2047 489 2114 suspendit
500 2047 612 2114 cuspide
622 2047 679 2110 teli,

58 2116 255 2185 venetumque
264 2133 346 2184 super
356 2119 507 2185 prosternit
517 2116 640 2167 membra
650 2124 799 2182 parentem.

59 2187 142 2239 Talia
152 2194 286 2239 vennrrac
295 2188 441 2239 mittebant
452 2188 543 2237 omina
553 2201 661 2253 pugnae

58 2258 187 2309 Ausoniis
198 2254 309 2322 Superl,
322 2258 476 2324 sensimque
491 2254 653 2306 abeuntibus
663 2256 765 2308 umbris

61 2328 180 2379 conscia
189 2340 245 2377 nox
255 2324 367 2377 sceleris
378 2340 458 2376 roseo
470 2324 588 2375 cedebat
599 2325 668 2374 Eoo.
807 2325 861 2375 loo

59 2395 171 2449 Ductor
180 2397 208 2447 iu
219 2410 296 2447 arma
308 2408 372 2445 suos
383 2393 485 2459 Libys,
496 2399 525 2444 et
534 2393 673 2444 Romanus
683 2393 711 2443 in
723 2407 799 2443 mma

59 2465 200 2519 excibant
211 2464 246 2515 de
257 2478 333 2514 more
345 2478 427 2514 suos:
446 2462 600 2529 Poenisque
611 2461 728 2524 redibat,

61 2535 158 2597 Qualis
168 2533 242 2585 nulla
252 2533 310 2583 dies
321 2533 394 2583 omni
407 2531 558 2583 surrexerit
569 2546 652 2583 amo.

59 2602 119 2656 Nec
140 2603 299 2666 verborum,
320 2603 428 2673 inquit,
451 2602 671 2664 stimulantum,
683 2598 825 2649 nsanos„

558 2673 671 2744 egens,
