1920 2962
153 138 400 194 rouroonum
427 141 509 194 um.
536 141 570 214 v.
691 142 743 196 ror

44 259 85 312 rud
95 275 175 312 secus
187 261 336 328 improvisa
345 261 417 325 lues;
428 261 533 329 gelidus
552 277 587 315 uc
596 263 648 316 sub
660 279 726 318 orsa
752 266 802 320 800

44 331 129 383 rvasit
138 330 245 383 miseris
256 332 398 398 conspecti
409 331 533 383 Consulis
566 347 654 385 orror.

44 400 159 461 medius,
170 398 299 467 ferroque
310 415 392 450 ruens
402 399 563 452 densissima
572 400 658 453 latum

44 470 103 520 ndit
112 470 173 519 iter.
194 468 304 520 Clamor
312 471 389 520 vario
402 469 557 520 discrimine
569 485 668 523 vocum

44 545 68 590 rt
78 538 147 589 belli
153 538 258 589 rabiem
269 538 304 588 ad
315 536 450 604 Superos,
462 544 490 589 et
500 538 592 591 sidera
601 541 702 606 pulsat.

44 625 58 658 u
68 608 154 659 Pater
165 608 292 659 Oceanus
305 623 366 658 cum
377 623 460 658 saeva
472 605 582 674 Tethye
594 610 696 678 Calpen
753 612 803 666 305

46 677 168 728 rculeam
178 675 255 739 ferit,
269 683 351 744 atque
363 691 446 728 exesa
456 678 484 727 in
494 678 602 728 viscera
611 681 712 731 montis

44 751 164 797 ntortum
174 747 288 814 pelagus
298 746 462 797 latrantibus
471 747 573 814 ingerit
584 749 672 800 undis.

47 813 744 883 ntgemitumscopuli,fractasqueinrupibusuudas

44 885 83 936 dit
94 886 242 936 Tartessos
253 885 316 936 latis
328 885 486 935 distermina
497 886 590 935 terris:

44 954 84 1006 dit
92 969 147 1005 non
157 970 242 1022 parvo
253 955 355 1005 divisus
366 955 474 1022 gurgite
485 954 581 1005 Lixus.
752 956 803 1006 400

44 1029 71 1074 te
82 1039 176 1075 omncs
186 1025 276 1075 iaculo
288 1025 388 1074 tacitos
400 1023 512 1074 fallente
522 1039 572 1090 por
583 1039 664 1076 auras

44 1093 148 1170 cumbit
171 1094 279 1162 Bogus,
304 1092 453 1144 infaustum
480 1094 525 1160 qui
549 1095 652 1159 primus
684 1093 720 1146 ad

477 1177 584 1213 amnem

44 1232 92 1282 tini
101 1232 226 1298 rapidam
236 1234 266 1282 in
276 1232 391 1282 Rutulos
403 1237 576 1282 contorserat
587 1230 703 1283 hastam.

44 1321 47 1350 r
59 1302 112 1352 sihi
121 1302 233 1370 longam
243 1299 341 1353 Clotho
352 1301 514 1368 turbamque
525 1307 657 1368 nepotum

44 1370 262 1434 ediderat,vanis
273 1371 405 1438 deceptus
414 1372 442 1421 in
452 1370 517 1421 alite
530 1373 622 1438 signis.
751 1371 802 1423 400

44 1440 54 1490 l
66 1455 121 1491 non
134 1443 248 1509 augurio
259 1442 409 1492 Parcarum
419 1440 559 1507 impellere
572 1447 659 1494 metas

44 1525 166 1562 ncessum
179 1513 314 1578 cuiquam.
333 1511 399 1561 Ruit
408 1511 481 1560 inter
491 1510 548 1561 tela
559 1512 691 1564 eruentis.

44 1581 157 1646 spiciens
169 1580 254 1631 oculis
267 1581 386 1642 coelum,
399 1578 574 1647 Superosque
586 1580 708 1647 reposcit

44 1664 140 1715 mpora
150 1651 301 1716 promissae
310 1650 402 1701 media
408 1650 464 1700 iam
474 1655 563 1700 morte
574 1656 712 1701 senectae.

44 1719 181 1787 cPagaso
198 1719 335 1770 exsultare
351 1719 459 1779 datum,
475 1724 557 1785 atque
574 1720 685 1784 impune
700 1733 741 1769 rc·

475 1787 570 1837 lictum
750 1789 801 1837 ero
880 1770 883 1777 '

44 1856 123 1906 nsulis
134 1860 198 1906 ante
210 1856 305 1906 oculos
315 1857 372 1905 vita
383 1854 515 1920 spoliasse
527 1855 669 1905 Libonem.

44 1927 157 1992 urigeris
168 1925 251 1974 decus
262 1925 328 1975 illud
340 1925 397 1975 aris
408 1939 531 1990 nauaque
542 1925 653 1974 iuventa

44 1995 142 2046 urebat:
155 1993 204 2044 sed
214 1994 352 2060 Massylus
365 1993 521 2045 succiderat
531 1994 602 2044 cusis

44 2065 171 2116 bescente
183 2070 266 2128 caput
274 2064 360 2126 mala,
373 2078 547 2130 properoque
558 2064 677 2115 virentes

44 2135 113 2185 ierat
123 2132 179 2184 leto
190 2131 307 2185 bellator
315 2133 449 2184 barbarus
462 2148 556 2184 annos.
748 2133 798 2183 415

44 2204 159 2253 minium
169 2201 331 2269 implorasse
341 2209 434 2254 tamen
445 2203 500 2253 iam
510 2207 599 2254 morte
611 2218 739 2269 suprema

44 2272 79 2322 ud
90 2271 194 2323 frustra
206 2269 270 2323 luit:
284 2273 378 2323 avulsa
389 2278 431 2324 ost
441 2287 504 2322 nam
516 2273 639 2338 protinus
651 2270 725 2323 hosti

44 2357 52 2392 r
64 2340 143 2392 simul
155 2343 261 2406 cervix3
271 2344 339 2394 iuvit
349 2343 444 2408 punire
455 2340 542 2392 feroci

44 2417 140 2462 :torem
147 2412 281 2478 exemplo,
293 2418 322 2474 et
330 2416 512 2463 monstratum
518 2409 633 2466 reddere
645 2408 739 2458 letum.

44 2483 64 2530 is
78 2481 169 2543 Deus,
181 2496 198 2531 o
209 2482 320 2544 Musae,
332 2481 442 2548 paribus
454 2485 497 2530 tot
508 2479 605 2529 funera
616 2478 706 2528 verbis
747 2478 799 2527 420

44 2549 132 2601 >irati
142 2552 280 2618 tantisque
292 2551 395 2602 umbris
406 2551 434 2600 iu
446 2549 567 2600 carmine
577 2548 666 2615 digna

44 2623 64 2671 is
74 2620 195 2670 lamenta
204 2619 294 2672 ferat?
305 2623 448 2674 certantes
457 2619 545 2674 laude
556 2617 685 2673 caueam

44 2703 146 2738 naeres
154 2691 282 2756 iuvenes,
294 2696 458 2766 mortisque
469 2695 501 2747 'm
510 2693 618 2747 limine
631 2685 729 2742 crudo
