1920 2962
240 108 490 162 PUNIGORUM
510 109 597 166 Lm.
626 110 647 160 Ι.
777 112 809 162 23

72 231 169 282 Mente
180 228 296 279 adversa
307 228 413 290 domat,
424 228 579 296 gaudetque
589 230 724 279 nitescere
736 229 810 283 duris

72 299 220 360 Virtutem,
229 303 256 348 et
267 297 374 348 decoris
384 299 472 363 pretio
485 298 641 349 discrimina
650 303 755 364 pensat.

73 368 127 418 Hic
137 367 242 417 subitus
253 368 339 417 scisso
352 366 437 421 densa
445 367 517 417 inter
528 367 620 419 nubila
636 366 713 417 coelo
819 367 869 418 535

72 437 173 502 Erupit
184 435 308 502 quatiens
319 439 421 485 terram
432 433 538 502 fragor:
562 442 591 487 et
600 451 682 501 super
692 437 766 501 ipsas

73 507 121 558 Bis
132 510 213 570 pater
223 505 341 554 intonuit
351 505 490 570 geminato
500 503 611 559 fulmine
623 519 735 571 pugnas.

72 574 140 626 lnde
150 572 318 623 internubes
328 578 471 629 ventorum
482 573 590 625 turbine
602 587 686 625 caeco

73 643 163 694 Ultrix
172 642 265 691 iniusti
274 641 390 691 vibravit
398 640 496 692 lancea
504 641 576 704 belli,
907 681 910 686 .

74 712 111 762 Ae
122 710 223 761 femine
233 710 349 761 adverso
361 710 462 760 librata
471 711 582 776 cuspide
600 711 678 762 aedit.
819 711 869 761 540

74 780 211 845 Tarpeiae
222 793 317 844 rupee,
329 777 493 845 soporisque
504 777 651 831 habitabile
661 794 765 840 saxum,

75 849 113 899 Et
123 862 181 910 vos,
192 848 316 914 virginea
325 847 448 898 lucentes
458 862 566 914 semper
574 849 602 897 in
613 862 671 909 11111,

74 916 300 967 Laomedonteae
312 917 433 967 Troiana
444 916 542 967 altaria
552 915 686 978 flammae,

75 983 150 1035 Heu!
172 991 301 1052 quantum
312 985 389 1037 vobis
400 983 504 1036 fallacis
513 986 631 1053 imagine
641 985 689 1037 teli

74 1053 230 1105 Promisere
240 1052 309 1104 Deii
327 1054 443 1120 Propius
454 1056 477 1105 ai
492 1069 587 1120 pressa
596 1053 697 1104 furenti
820 1053 869 1106 545

74 1123 165 1179 Hasta
174 1122 256 1185 ieret,
268 1123 378 1175 01011000
388 1128 493 1174 starent
502 1122 662 1173 mortalibus
671 1121 765 1187 Alpem

73 1190 144 1252 Nec,
154 1189 343 1257 Thrasymene
351 1228 359 1253 ,
368 1193 423 1242 tuis
433 1203 504 1242 nuno
513 1191 582 1242 Allia
593 1191 704 1240 cederet
714 1189 801 1241 undis.

74 1258 130 1310 Sed
140 1259 218 1321 luno,
231 1266 375 1326 aspectans
386 1260 508 1326 Pyrenes
517 1261 621 1313 vertice
632 1260 722 1311 celsae

72 1327 153 1379 Nava
162 1329 324 1390 rudimenta,
335 1336 364 1380 et
374 1331 477 1396 primos
486 1331 513 1381 in
522 1330 613 1381 Marte
624 1330 740 1391 0010100,

72 1399 110 1448 Ut
119 1397 194 1447 videt
203 1399 365 1464 impressum
377 1401 503 1453 coniecta
512 1399 624 1465 cuspide
634 1399 739 1460 vulnus,
820 1395 870 1446 550

72 1465 198 1528 Advolat,
209 1466 327 1519 obscura
337 1467 506 1519 circumdata
515 1469 595 1535 pube,
606 1483 655 1534 per
665 1481 756 1532 auras,

72 1536 111 1586 Et
119 1534 238 1585 validam
250 1536 325 1587 duris
337 1537 428 1587 evellit
439 1536 473 1587 ab
484 1537 591 1589 ossibus
602 1535 718 1588 hastam.

71 1603 120 1655 llle
131 1605 201 1671 tegit
212 1604 299 1673 clipeo
310 1604 400 1657 tirsum
409 1618 459 1672 per
469 1606 591 1657 membra
605 1619 739 1665 cruorem,

72 1674 215 1740 Tortaque
225 1674 357 1739 paulatim
368 1680 396 1725 et
407 1674 489 1730 dubio
499 1675 614 1740 vestigia
624 1675 684 1724 nisu

71 1742 214 1793 Alternata
224 1740 345 1803 trahens,
357 1757 468 1792 aversus
480 1743 514 1791 ab
525 1755 626 1806 aggere
637 1741 719 1791 cedit.
819 1739 869 1790 555

72 1808 136 1863 Nox
147 1811 259 1861 tandem
271 1810 373 1873 optatis
383 1815 472 1859 terras
483 1815 649 1872 pontumque
660 1806 782 1863 tenebris

73 1878 211 1938 Condidit,
224 1882 252 1927 et
263 1891 367 1943 pugnas
378 1880 475 1941 erepta
484 1875 544 1926 11100
556 1875 670 1925 diremit.

72 1948 108 1997 dt
118 1947 204 2000 durae
215 1946 356 2012 invigilant
366 1950 480 2007 mentes,
491 1944 644 2012 molemque
654 1950 789 2011 reponunt

73 2015 171 2067 Noctis
182 2030 259 2082 opus.
289 2015 402 2065 Clausus
411 2019 513 2067 acuunt
522 2020 646 2067 extrema
655 2013 758 2081 pericli,

73 2085 111 2135 Et
120 2083 216 2135 fractis
226 2084 308 2135 rebus
318 2084 463 2134 violentior
473 2083 670 2134 ultimanirtus.
821 2082 869 2132 560

73 2153 147 2204 Hinc
157 2168 234 2220 puer,
246 2152 409 2219 invalidique
420 2167 508 2213 aeneo,
519 2151 582 2203 bine
593 2151 694 2203 femina
703 2150 775 2202 10110

75 2223 170 2274 Gertat
182 2237 262 2288 opem
272 2223 300 2272 in
311 2221 400 2273 dubiis
409 2222 565 2277 miserando
576 2237 646 2272 nava
655 2220 752 2282 labori,

74 2289 202 2358 Saxaque
211 2292 331 2345 mananti
341 2292 485 2347 subvectat
493 2291 605 2343 vulnere
615 2290 700 2341 miles.

72 2360 131 2411 lam
141 2360 278 2423 Panibus,
288 2361 422 2427 clarisque
431 2375 528 2413 senum
537 2375 588 2413 sua
597 2360 689 2411 munia
699 2371 790 2411 curae.

73 2430 255 2489 Concurrunt,
264 2428 406 2494 lectosque
417 2429 491 2479 viros
501 2427 660 2490 hortantum
680 2432 708 2477 et
720 2434 807 2488 orant,
819 2426 870 2476 505

73 2496 198 2551 Defessis
207 2497 323 2549 subeant
334 2497 425 2558 rebus,
437 2503 622 2563 reuocentque
633 2495 756 2558 salutem,

73 2567 111 2616 Et
120 2566 204 2617 Latia
216 2567 345 2621 extremis
354 2564 502 2632 implorent
513 2565 625 2618 casibus
633 2579 725 2615 arma„

72 2634 115 2685 lte
127 2635 182 2696 citi,
194 2635 276 2687 remis
287 2635 409 2706 uelisque
418 2636 559 2707 impellite
567 2637 703 2708 puppim,
