1920 2962
130 139 181 189 11111
328 135 358 187 C.
386 132 491 185 Slhlt
521 132 690 184 lTALlGl

130 256 210 307 Haec
220 255 272 305 sibi
283 255 411 322 quisque:
422 252 471 305 sed
484 258 535 313 est,
543 256 667 371 ¹vestrum
677 252 723 301 eui
735 251 816 303 nulla
826 252 875 306 do·

554 336 609 371 ons

129 393 232 443 Privati
243 391 347 454 rabies,
359 393 382 441 is
393 406 459 442 vero
469 391 593 459 ingentia
603 396 694 441 sumat

129 462 152 512 Ii
164 459 388 524 medio,·fodiant
397 475 467 529 quse
478 474 591 527 magnas
602 464 699 525 pectus
708 460 738 509 in
747 459 817 524 iras,

70 532 120 582 160
131 531 290 582 Perfraotas
301 530 397 596 Alpes,
407 543 571 597 passamque
581 526 696 579 infanda
707 526 874 597 Saguntum,

132 602 260 668 Quosque
272 598 351 650 nefas
360 600 439 650 vetiti
451 598 754 650 transcenderenomen
765 598 874 663 Hiberi,

131 672 257 739 Tangere
268 671 322 720 iam
334 666 478 734 Thybrim.
507 668 578 719 Nam
588 667 651 718 dum
667 682 717 718 ros
728 681 837 737 augur,
847 674 874 721 et

606 737 676 786 extis

131 810 279 871 Quaesitae
291 808 391 869 fibrae,
401 822 542 874 vanusque
552 811 676 857 moratur
686 802 840 874 haruspex,

129 877 222 929 Solum
233 879 287 926 iam
298 882 437 942 superest,
450 876 570 942 Tarpeio
580 876 722 941 imponere
734 882 839 929 canna.

69 948 119 998 165
130 945 269 996 Turbidus
280 942 363 1005 haec,
374 945 488 1010 visoque
499 945 565 994 artis
575 945 603 993 in
614 943 732 995 millibus
743 950 822 999 atras

129 1014 267 1066 Bellatore
278 1012 357 1064 iubas
368 1018 494 1079 aptante,
506 1014 571 1075 Est,
584 1011 713 1080 Orphite,
724 1028 836 1078 munus,

128 1086 192 1146 Est,
204 1080 323 1146 ait,hoc
334 1088 542 1144 certantum,
554 1084 613 1150 quis
625 1083 718 1149 opima
727 1083 834 1137 volenti

127 1154 209 1204 Dona
219 1154 277 1204 lovi
288 1158 382 1218 portet
391 1151 495 1203 feretro
505 1167 638 1218 suspensa
648 1157 775 1204 cruento.

128 1222 153 1273 N
155 1238 199 1272 am
209 1237 259 1273 eur
269 1220 338 1272 haec
349 1221 404 1272 alia
413 1222 536 1287 pariatur
546 1221 634 1289 gloria
644 1221 760 1273 dextra?

67 1293 118 1343 1¹10
130 1292 203 1342 Hinc
217 1295 381 1356 praevectus
400 1304 486 1357 equo,
507 1296 653 1359 postquam
671 1290 747 1341 inter
767 1292 870 1360 proelia

603 1365 699 1411 notam

127 1429 241 1495 Accepit
249 1443 360 1492 vocem,
371 1426 547 1481 Proculiano
557 1435 586 1481 te
596 1430 728 1491 Martius,
738 1432 839 1500 inquit,

127 1500 271 1562 Murram,
284 1499 404 1550 ostendit
414 1500 532 1564 clamor;
542 1499 676 1568 videoque
689 1499 829 1553 furentem

127 1570 185 1619 lam
197 1569 324 1634 Tyriote
335 1569 432 1621 caede:
444 1570 519 1620 venit
529 1569 588 1620 laus
601 1566 716 1636 quanta!
727 1570 778 1621 sed
789 1586 849 1631 oro,

66 1615 89 1663 ⁸
127 1639 206 1689 Haec
217 1644 335 1706 angusta
342 1639 397 1691 loci
408 1638 482 1691 ferro
493 1636 635 1706 patefacta
645 1638 749 1688 relaxa.
848 1675 853 1683 .

67 1709 117 1759 115
130 1710 201 1760 Tum
214 1707 328 1760 Soracte
339 1710 444 1772 satum,
456 1713 641 1775 praestantem
658 1722 778 1775 corpore
789 1714 820 1761 et
828 1724 858 1761 ar

603 1793 663 1840 mus,

128 1847 284 1914 Aequanum
296 1861 426 1907 noscens,
438 1847 528 1912 patrio
540 1848 583 1896 cui
594 1848 662 1896 ritus
672 1847 699 1896 in
711 1862 790 1912 ars'o,

127 1916 193 1965 Cum
204 1917 265 1982 pius
275 1915 429 1964 arcitenens
440 1916 563 1965 accensis
576 1915 679 1981 gaudet
689 1919 807 1979 acerris,

126 1985 200 2034 Exta
211 1990 254 2034 ter
262 1984 395 2033 innocuos
406 1982 509 2033 laetum
519 1990 628 2050 portate
640 2000 690 2052 per
701 1987 790 2054 ignes,

127 2050 172 2102 Sic
182 2053 210 2101 in
221 2050 362 2117 Apollinea
373 2067 481 2119 semper
491 2055 608 2121 vestigia
617 2069 705 2122 pruna

66 2122 117 2171 18⁰
128 2119 262 2177 inviolata
271 2124 358 2182 teras,
368 2116 511 2189 victorque
521 2125 632 2191 vaporis
643 2124 676 2175 ad
688 2141 752 2179 aras

125 2189 208 2239 Dona
217 2194 344 2239 serenato
355 2189 459 2242 referas
470 2192 612 2244 sollemnia
621 2192 736 2246 Phoebo
745 2214 751 2245 :

125 2258 260 2325 Concipe,
272 2258 324 2320 ait,
337 2257 446 2325 dignum
459 2260 553 2324 factis,
564 2264 706 2331 Aequam,
718 2265 807 2320 turon

126 2326 343 2392 vulneribusque
355 2329 418 2379 tuis.
442 2328 526 2382 Socio
536 2337 566 2383 te
576 2334 668 2384 caedis
678 2339 707 2385 ct
717 2336 777 2388 irae

125 2395 187 2447 Non
198 2412 251 2465 ego
263 2397 458 2449 Marmaridum
470 2401 587 2453 mediam
597 2409 743 2469 penetrare
754 2402 792 2474 ph

619 2488 660 2523 em

54 2534 109 2586 185
121 2532 331 2608 Cinyphiaeque
337 2536 436 2610 globos
442 2488 781 2607 dubitarimiffrun'aperetu

105 2605 172 2660 Nec
181 2609 242 2664 iam
255 2609 335 2665 ultra
343 2612 472 2664 monitus
482 2615 512 2661 et
520 2608 609 2660 uerna
615 2612 776 2661 marauna!

98 2676 194 2737 Verre
207 2685 307 2753 vaiet,
320 2685 414 2755 longo
426 2678 572 2735 Aeneauis
582 2675 660 2743 quon
667 2674 769 2725 tinnitu
