1920 2962
147 171 197 222 ²28
343 167 372 217 G.
398 164 506 216 SlLll
532 166 699 219 lTllLlGl

34 256 42 291 ἓ
145 289 320 357 Magnanime
331 301 347 336 o
358 286 444 349 miles,
454 287 567 337 meritus
578 287 687 338 innecte
698 292 819 340 catenas.
866 288 872 303 ⁰

146 359 262 408 Dixerat
272 355 354 407 haec=
366 355 491 406 necdum
503 355 584 405 finem
596 357 722 407 convicia
730 363 836 409 norant

147 425 228 493 [Cum
240 426 300 478 iera
309 441 376 493 gens
387 425 467 475 Decii
477 425 613 475 constanti
624 431 741 492 pectore
750 441 846 494 corpur

146 496 262 558 invadit,
274 495 411 561 vincitque
421 508 517 544 monus
528 499 592 560 post
601 500 682 562 terge
692 494 820 564 catenis]

85 565 136 615 24⁵
147 566 241 616 illatus
251 564 325 616 velut
338 563 467 613 armentis
477 577 560 628 snper
570 562 657 613 ardua
667 563 741 616 colle

145 635 211 685 Cum
224 649 284 685 sese
293 633 436 699 imposuit,
446 632 588 699 victorque
598 633 718 684 immane
730 633 781 684 sub
790 635 831 685 ira

145 702 288 754 infremuit
296 702 350 765 leo,
362 706 391 752 ct
400 702 534 751 immersis
539 702 631 769 gravis
640 701 779 769 unguibus
785 700 870 762 haesit,

143 773 251 823 Mendit
260 770 431 823 anhelantem
441 769 562 836 pendens
572 771 680 821 cervice
689 771 840 823 iuvencum.

143 841 300 903 athenius,
312 841 376 891 dnm
386 840 476 890 vincla
483 839 578 907 ligant,
589 838 677 890 Necte
687 841 777 901 ocius,
786 840 869 908 inquit,

82 910 133 959 250
145 909 226 969 (Num
238 912 278 961 sic
288 909 468 959 Hannibalem
480 908 561 959 decet
570 909 730 973 intravisse)
742 916 855 971 catenas,

141 977 274 1029 Foedcris
284 977 398 1027 infausti
406 979 533 1042 pretium.
562 975 608 1028 Sic
618 978 733 1029 victima
742 994 848 1046 prorsus

142 1048 233 1115 Digna
253 1045 335 1097 cedat
354 1046 465 1096 Decius.
503 1044 561 1096 Nec
582 1048 653 1165 enq'm
675 1051 726 1111 te,
750 1049 867 1116 sanguin

626 1120 721 1167 netum

142 1185 279 1248 Humano,
291 1188 327 1238 sit
336 1185 379 1236 fos
390 1186 477 1236 caesis
488 1184 612 1252 placasse
621 1186 753 1237 iuvencis.

142 1254 183 1304 lin
191 1254 300 1304 dextra!
312 1270 345 1305 en
351 1252 461 1304 foedus!
471 1253 599 1304 Nondum
604 1254 655 1304 tibi
662 1256 754 1319 Curia,
760 1272 811 1308 nec
817 1255 868 1307 du!

84 1321 133 1371 255
146 1323 323 1390 Templorum
332 1323 428 1372 intrati
438 1328 547 1388 postes:
557 1324 612 1373 ianr
624 1324 754 1389 panditur
766 1327 822 1378 acri

143 1392 260 1457 lmpen'o
273 1405 376 1441 carcer.
405 1391 504 1458 Perge,
516 1407 549 1443 ec
559 1393 711 1458 primordia
721 1400 801 1447 tenta

142 1459 290 1510 Accumula
303 1460 413 1526 paribus
423 1460 513 1511 lactis.
544 1460 614 1512 Mihi
624 1461 700 1512 lama
710 1463 762 1515 sub
773 1464 867 1525 umbrat

143 1531 184 1579 Te
196 1528 268 1580 leret
279 1544 440 1597 oppressum
453 1531 563 1597 Capuae
575 1530 708 1582 cecidisse
718 1534 812 1585 minis.

141 1597 200 1648 Nec
210 1598 289 1666 plura
300 1599 379 1650 efferi
389 1614 558 1650 eoncessum.
593 1599 749 1652 Obnubitur
761 1608 821 1654 etro

81 1667 131 1717 26⁰
142 1668 227 1721 Veste
239 1675 335 1736 caput,
350 1668 521 1736 trahiturque
532 1668 612 1720 ferox
623 1676 687 1720 ante
699 1686 750 1722 orn
760 1686 866 1724 suorum

141 1739 211 1790 Exin
222 1739 311 1790 victor
322 1756 406 1791 ovans
418 1738 514 1790 sedato
527 1744 640 1804 pectore
649 1741 763 1791 tandem

141 1806 303 1875 Spectandis
314 1810 388 1861 urbis
400 1810 481 1860 tectis
493 1808 654 1875 templisque
665 1824 781 1863 serenos

140 1877 245 1928 Laetus
256 1879 416 1929 circumfert
427 1878 530 1940 oculos,
540 1883 570 1928 et
579 1878 686 1945 singula
698 1879 793 1931 discit:

142 1946 208 2006 Quis
217 1949 402 2009 munerator,
415 1954 443 1998 et
452 1947 538 2013 pubes
550 1948 586 1997 sit
596 1954 698 2014 quanta
707 1949 759 2000 sub
771 1949 853 2010 emtis,
902 1954 905 1961 '

82 2015 132 2065 265
146 2014 273 2080 Quotque
286 2017 343 2065 auri
355 2023 469 2081 pateant
479 2016 550 2066 bello
563 2019 724 2084 argentique
736 2020 842 2071 talenta.

141 2081 220 2132 Nunc
231 2083 316 2148 qualis
328 2084 436 2136 frenata
447 2087 534 2147 acles,
552 2101 623 2136 nunc
635 2086 735 2139 deinde
746 2085 867 2155 perenis

142 2152 228 2217 Copia
240 2160 342 2218 quanta
352 2156 426 2205 m‘ris.
454 2156 610 2206 Monstrent
622 2157 761 2221 Capitolia
770 2158 846 2217 celsa,

140 2218 323 2288 Stellatesque
342 2223 443 2274 docent
459 2240 584 2291 compos,
605 2227 789 2295 Cereremque
804 2222 867 2277 beni·

633 2310 705 2346 nam.
734 2310 738 2319 ·

140 2361 251 2428 Iamque
263 2360 333 2412 diem
346 2361 479 2413 admetus
492 2364 606 2416 defessis
614 2311 749 2417 l'lrocbus
760 2367 866 2433 Olympi>

80 2429 130 2478 eto
141 2430 302 2496 impellebat
314 2433 398 2499 equis,
409 2431 536 2484 fuscabat
546 2440 574 2485 et
584 2434 728 2500 Hesperus
739 2437 833 2486 umbra

71 2530 75 2535 -
139 2498 273 2550 Paulatim
285 2501 375 2553 inlusa
386 2509 578 2570 properantem
593 2503 626 2553 ad
637 2503 721 2554 litora
731 2518 844 2557 currum·

131 2567 286 2624 instituunt
299 2571 423 2625 demere
435 2572 546 2641 epulas,
557 2572 711 2639 testamque
723 2590 773 2640 per
782 2572 865 2625 urben

123 2640 258 2714 Regilice
270 2646 429 2699 exstructis
440 2643 586 2698 celclerant
595 2641 833 2693 conuitiumens'ne

115 2714 195 2784 lpse,
211 2719 314 2773 Detim
330 2719 414 2773 cultu
427 2724 456 2770 et
466 2728 552 2767 sacro
563 2704 824 2775 dignatusnonnre„
