1920 2962
198 107 451 161 PUNlGORUM
479 111 560 162 ΜΒ,
584 111 657 163 xvi.
754 109 804 161 355

67 232 142 282 Unus
153 235 214 280 erat
222 244 312 295 super,
325 235 353 280 et
364 236 454 281 metae
465 229 638 297 propioribus
651 243 747 296 aegros

68 299 172 351 Urebat
183 298 243 349 finis
254 299 381 363 stimulis:
394 315 554 366 quacunque
565 298 675 365 reliquit

70 369 141 419 ilino
157 367 249 429 labor,
270 366 332 417 binc
348 375 494 434 penetrans
510 383 596 435 paror
606 369 633 416 in
645 368 807 434 praecordia

543 438 623 498 vires,
814 437 864 487 515

67 508 142 557 Dum
152 520 264 572 sperare
276 505 349 567 licet,
360 506 454 556 breuia
466 506 499 556 arl
511 507 655 556 conamina
665 512 778 573 uterquc

67 576 201 626 Advocat.
229 576 368 641 Aequatur
380 591 488 625 cursus:
500 577 655 642 pariterque
664 575 786 625 ruebant.

67 646 105 696 Et
117 643 210 694 forsan
221 645 329 711 gemina
339 645 501 694 meruissent
512 646 632 710 praemia
644 644 744 709 palma,

67 714 196 765 Pervecti
208 712 286 763 simul
298 713 332 762 ad
342 719 438 775 metas,
450 715 486 774 ni,
496 718 575 780 terga
586 720 701 768 secutusr

67 781 214 843 Theronis,
225 781 313 831 susam
324 781 379 832 late
391 796 440 849 per
452 782 542 833 lactea
553 782 624 833 tolla
813 787 862 836 52⁰

65 853 209 918 Hesperos
219 852 322 918 ingenti
332 853 465 901 tenuisset
476 866 572 901 saeuus
584 851 618 901 ab
628 852 678 914 ira,

66 921 265 987 Traxissetque
276 935 391 971 comam.
421 920 544 970 'l'ardato
556 919 645 971 laetus
658 936 795 989 oransque

66 991 192 1055 Eurytus
203 988 294 1038 evadit
304 989 410 1050 iurene,
422 995 504 1055 atque
515 989 550 1038 ad
560 990 685 1055 praemia
694 992 783 1040 victor

67 1060 186 1120 Emicat,
199 1063 227 1107 ot
237 1057 333 1123 galeae
344 1056 397 1107 lert
408 1057 508 1107 donum
519 1057 623 1124 insigne
635 1073 775 1109 coruscae.

66 1130 169 1179 Cetera
180 1127 315 1190 promisso
328 1125 429 1176 donata
440 1132 483 1177 est
493 1141 604 1177 munere
615 1127 710 1194 pubes,
814 1128 862 1177 525

66 1198 248 1261 lntonsasque
261 1210 354 1247 comas
364 1196 443 1246 viridi
455 1196 581 1248 redimita
592 1211 695 1247 corona

65 1267 137 1317 Bina
149 1264 210 1315 tulit
222 1267 311 1331 patrio
323 1268 446 1334 quatiens
456 1264 564 1317 hastilia
576 1264 657 1318 ferro.

65 1336 139 1386 Hinc
150 1336 277 1402 graviora
287 1337 373 1387 virdm
386 1338 544 1396 certamina,
556 1338 705 1387 comminus
716 1338 786 1388 ensis

65 1405 231 1466 Destrietus,
241 1405 356 1472 bellique
368 1405 420 1456 feri
430 1406 575 1455 simulacra
586 1407 698 1455 cientur.

65 1472 134 1535 Nec,
148 1487 216 1537 quos
230 1473 309 1537 culpa
321 1474 390 1534 tulit,
404 1489 471 1539 quos
484 1474 596 1522 crimina
605 1475 688 1524 noxia
698 1475 778 1535 ritae,
813 1474 862 1525 530

67 1541 122 1594 Sed
134 1541 220 1589 virtus
231 1540 386 1606 animusque
398 1540 478 1591 ferox
488 1541 522 1590 nd
534 1541 621 1591 laudis
633 1556 762 1598 amorem,

66 1612 121 1663 Hic
132 1623 244 1659 crevere
255 1622 335 1673 pares
346 1608 435 1672 ferr03
447 1609 606 1675 spectacula
617 1609 699 1674 digna

66 1680 223 1746 Martigena
233 1677 323 1742 vulgo,
333 1679 456 1744 suetique
467 1676 568 1727 laboris
580 1679 680 1744 imago.

66 1748 128 1800 llos
138 1749 210 1797 inte-1·
220 1748 319 1815 gemini
331 1746 406 1812 (quid
416 1748 470 1796 iam
482 1761 535 1796 non
546 1746 655 1813 rQbus
667 1746 777 1796 ausuml

65 1820 121 1869 Aut
133 1817 269 1884 quodiam
281 1817 371 1884 regnis
382 1822 469 1866 restat
480 1814 597 1879 scelusl)
608 1816 692 1881 impia
704 1816 782 1866 Circo
812 1817 861 1868 535

66 1888 212 1938 Innumero
224 1885 331 1948 fratres,
344 1900 429 1935 cavea
440 1885 585 1935 damnante
595 1884 725 1946 furorem,

67 1956 123 2008 Pro
135 1962 244 2021 sceptro
257 1956 368 2005 armatis
379 1956 497 2006 inierunt
507 1954 610 2019 proelia
620 1954 732 2005 dextris.

69 2025 93 2075 ls
104 2024 181 2092 genti
192 2037 250 2075 mos
262 2024 335 2075 dirus
347 2030 418 2074 erat:
432 2025 601 2091 patriumque
612 2024 744 2090 petebant

68 2094 166 2145 Orbati
178 2093 275 2144 solium
286 2093 354 2144 lucis
365 2093 517 2144 discrimine
529 2091 638 2144 fratres.

67 2164 236 2215 Concurrere
249 2163 352 2226 animis,
364 2163 471 2230 quantis
483 2160 630 2232 confligere
641 2179 691 2231 par
702 2171 752 2225 cst,
812 2163 862 2214 540

67 2232 144 2294 Quos
153 2234 232 2300 regni
241 2230 319 2282 furor
331 2235 465 2299 exagitat:
477 2232 615 2300 multoque
626 2247 723 2283 cruore

66 2302 213 2352 Exsatiata
222 2300 301 2353 simul
313 2307 453 2368 portantes
466 2302 550 2353 corda
560 2302 610 2352 sub
622 2301 731 2352 umbras

67 2370 238 2422 Occubuere.
267 2370 333 2421 Pari
343 2372 403 2421 nisu
411 2385 461 2439 per
471 2376 586 2438 pectora
597 2369 711 2421 adactus

66 2440 166 2491 lntima
176 2439 318 2491 descendit
327 2455 434 2492 mucro:
447 2440 630 2510 superaddita
638 2442 733 2492 sacris

65 2508 163 2557 Ultima
174 2507 329 2562 minoribus
341 2512 444 2581 verba3
456 2519 495 2579 ct,
508 2514 644 2567 conuicia
650 2510 788 2569 uoluens,
842 2499 908 2550 We

48 2573 135 2622 Dirus
145 2575 172 2621 ¹¹¹¹
180 2575 286 2629 invitm
296 2580 400 2655 effugit
412 2588 540 2657 spiritua
550 2603 654 2642 auras.

38 2636 101 2688 N0⁶
110 2654 210 2693 ’'¹³¹¹‘’
218 2659 324 2710 Pacem
336 2660 431 2724 passi.
464 2660 552 2717 Nam
563 2650 847 2730 corporaiunctns

66 2702 200 2761 Stnwfl
218 2714 315 2772 11'41,
