<?xml version="1.0" encoding="UTF-8"?>
<!DOCTYPE html PUBLIC "-//W3C//DTD XHTML 1.0 Transitional//EN"
    "http://www.w3.org/TR/xhtml1/DTD/xhtml1-transitional.dtd">
<html xmlns="http://www.w3.org/1999/xhtml" xml:lang="en" lang="en">
 <head>
  <title>
</title>
<meta http-equiv="Content-Type" content="text/html;charset=utf-8" />
  <meta name='ocr-system' content='tesseract 3.04.00' />
  <meta name='ocr-capabilities' content='ocr_page ocr_carea ocr_par ocr_line ocrx_word'/>
</head>
<body>
  <div class='ocr_page' id='page_1' title='image "./punicorumlibrix00italgoog/punicorumlibrix00italgoog_0114.png"; bbox 0 0 1920 2962; ppageno 0'>
   <div class='ocr_carea' id='block_1_1' title="bbox 169 154 728 211">
    <p class='ocr_par' dir='ltr' id='par_1_1' title="bbox 169 154 728 211">
     <span class='ocr_line' id='line_1_1' title="bbox 169 154 728 211; baseline -0.005 -1"><span class='ocrx_word' id='word_1_1' title='bbox 169 157 222 211; x_wconf 71' lang='grc'>100</span> <span class='ocrx_word' id='word_1_2' title='bbox 372 158 401 207; x_wconf 86' lang='lat' dir='ltr'>C.</span> <span class='ocrx_word' id='word_1_3' title='bbox 429 154 533 209; x_wconf 82' lang='lat' dir='ltr'>SlLll</span> <span class='ocrx_word' id='word_1_4' title='bbox 561 155 728 208; x_wconf 69' lang='lat' dir='ltr'>lumel</span> 
     </span>
    </p>
   </div>
   <div class='ocr_carea' id='block_1_2' title="bbox 169 272 916 552">
    <p class='ocr_par' dir='ltr' id='par_1_2' title="bbox 169 272 916 552">
     <span class='ocr_line' id='line_1_2' title="bbox 169 272 862 345; baseline -0.001 -15"><span class='ocrx_word' id='word_1_5' title='bbox 169 276 278 345; x_wconf 80' lang='lat' dir='ltr'>Perque</span> <span class='ocrx_word' id='word_1_6' title='bbox 286 276 471 328; x_wconf 73' lang='lat' dir='ltr'>Paraetoniae</span> <span class='ocrx_word' id='word_1_7' title='bbox 483 276 650 327; x_wconf 86' lang='lat' dir='ltr'>celebratum</span> <span class='ocrx_word' id='word_1_8' title='bbox 661 276 745 327; x_wconf 89' lang='lat' dir='ltr'>litora</span> <span class='ocrx_word' id='word_1_9' title='bbox 756 272 862 343; x_wconf 76' lang='lat' dir='ltr'>Syrtis.</span> 
     </span>
     <span class='ocr_line' id='line_1_3' title="bbox 171 344 916 413; baseline 0.003 -15"><span class='ocrx_word' id='word_1_10' title='bbox 171 347 233 413; x_wconf 87' lang='lat' dir='ltr'>lpse</span> <span class='ocrx_word' id='word_1_11' title='bbox 244 344 308 396; x_wconf 90' lang='lat' dir='ltr'>olim</span> <span class='ocrx_word' id='word_1_12' title='bbox 328 347 439 413; x_wconf 87' lang='lat' dir='ltr'>antiquo</span> <span class='ocrx_word' id='word_1_13' title='bbox 461 346 577 413; x_wconf 85' lang='lat' dir='ltr'>primum</span> <span class='ocrx_word' id='word_1_14' title='bbox 594 344 810 399; x_wconf 80' lang='lat' dir='ltr'>Garamanticus</span> <span class='ocrx_word' id='word_1_15' title='bbox 833 348 916 399; x_wconf 79' lang='lat' dir='ltr'>llam·</span> 
     </span>
     <span class='ocr_line' id='line_1_4' title="bbox 174 428 915 552; baseline -0.001 -16"><span class='ocrx_word' id='word_1_16' title='bbox 174 482 251 536; x_wconf 85' lang='lat' dir='ltr'>Scire</span> <span class='ocrx_word' id='word_1_17' title='bbox 262 490 342 552; x_wconf 89' lang='lat' dir='ltr'>pater</span> <span class='ocrx_word' id='word_1_18' title='bbox 352 483 467 535; x_wconf 83' lang='lat' dir='ltr'>dederat</span> <span class='ocrx_word' id='word_1_19' title='bbox 477 480 609 549; x_wconf 84' lang='lat' dir='ltr'>Synhalo,</span> <span class='ocrx_word' id='word_1_20' title='bbox 620 428 786 551; x_wconf 65' lang='lat' dir='ltr'>mhhhhsque</span> <span class='ocrx_word' id='word_1_21' title='bbox 797 482 915 537; x_wconf 79' lang='lat' dir='ltr'>ferarum</span> 
     </span>
    </p>
   </div>
   <div class='ocr_carea' id='block_1_3' title="bbox 112 551 917 2768">
    <p class='ocr_par' dir='ltr' id='par_1_3' title="bbox 175 551 820 622">
     <span class='ocr_line' id='line_1_5' title="bbox 175 551 820 622; baseline 0.003 -19"><span class='ocrx_word' id='word_1_22' title='bbox 175 553 360 622; x_wconf 87' lang='lat' dir='ltr'>Telorumque</span> <span class='ocrx_word' id='word_1_23' title='bbox 370 568 469 621; x_wconf 84' lang='lat' dir='ltr'>graves</span> <span class='ocrx_word' id='word_1_24' title='bbox 478 553 550 603; x_wconf 89' lang='lat' dir='ltr'>ictus</span> <span class='ocrx_word' id='word_1_25' title='bbox 560 552 658 603; x_wconf 86' lang='lat' dir='ltr'>sedare</span> <span class='ocrx_word' id='word_1_26' title='bbox 669 551 820 605; x_wconf 86' lang='lat' dir='ltr'>medendo.</span> 
     </span>
    </p>

    <p class='ocr_par' dir='ltr' id='par_1_4' title="bbox 112 621 902 965">
     <span class='ocr_line' id='line_1_6' title="bbox 112 621 831 691; baseline 0.003 -17"><span class='ocrx_word' id='word_1_27' title='bbox 112 621 164 674; x_wconf 83' lang='grc'>360</span> <span class='ocrx_word' id='word_1_28' title='bbox 174 625 263 691; x_wconf 78' lang='lat' dir='ltr'>Atque</span> <span class='ocrx_word' id='word_1_29' title='bbox 272 625 296 674; x_wconf 86' lang='lat' dir='ltr'>is</span> <span class='ocrx_word' id='word_1_30' title='bbox 308 623 406 673; x_wconf 88' lang='lat' dir='ltr'>deinde</span> <span class='ocrx_word' id='word_1_31' title='bbox 417 636 467 673; x_wconf 89' lang='lat' dir='ltr'>suo</span> <span class='ocrx_word' id='word_1_32' title='bbox 479 623 599 673; x_wconf 90' lang='lat' dir='ltr'>moriens</span> <span class='ocrx_word' id='word_1_33' title='bbox 610 622 744 672; x_wconf 87' lang='lat' dir='ltr'>eoelestia</span> <span class='ocrx_word' id='word_1_34' title='bbox 752 621 831 675; x_wconf 84' lang='lat' dir='ltr'>dona</span> 
     </span>
     <span class='ocr_line' id='line_1_7' title="bbox 174 689 800 759; baseline 0 -16"><span class='ocrx_word' id='word_1_35' title='bbox 174 693 340 744; x_wconf 75' lang='lat' dir='ltr'>Monstravit</span> <span class='ocrx_word' id='word_1_36' title='bbox 349 696 425 753; x_wconf 90' lang='lat' dir='ltr'>nato,</span> <span class='ocrx_word' id='word_1_37' title='bbox 435 697 569 759; x_wconf 83' lang='lat' dir='ltr'>natusque</span> <span class='ocrx_word' id='word_1_38' title='bbox 580 689 688 741; x_wconf 88' lang='lat' dir='ltr'>heredis</span> <span class='ocrx_word' id='word_1_39' title='bbox 698 689 800 743; x_wconf 84' lang='lat' dir='ltr'>honori</span> 
     </span>
     <span class='ocr_line' id='line_1_8' title="bbox 175 759 846 828; baseline 0.003 -17"><span class='ocrx_word' id='word_1_40' title='bbox 175 762 307 812; x_wconf 68' lang='lat' dir='ltr'>&#39;tramisit</span> <span class='ocrx_word' id='word_1_41' title='bbox 317 761 420 828; x_wconf 89' lang='lat' dir='ltr'>patrias</span> <span class='ocrx_word' id='word_1_42' title='bbox 431 766 519 812; x_wconf 86' lang='lat' dir='ltr'>artes:</span> <span class='ocrx_word' id='word_1_43' title='bbox 530 775 610 827; x_wconf 87' lang='lat' dir='ltr'>quem</span> <span class='ocrx_word' id='word_1_44' title='bbox 620 759 719 811; x_wconf 90' lang='lat' dir='ltr'>deinde</span> <span class='ocrx_word' id='word_1_45' title='bbox 729 767 846 813; x_wconf 85' lang='lat' dir='ltr'>secutus</span> 
     </span>
     <span class='ocr_line' id='line_1_9' title="bbox 174 828 902 896; baseline 0 -15"><span class='ocrx_word' id='word_1_46' title='bbox 174 831 257 882; x_wconf 87' lang='lat' dir='ltr'>Haud</span> <span class='ocrx_word' id='word_1_47' title='bbox 267 831 354 882; x_wconf 82' lang='lat' dir='ltr'>levior</span> <span class='ocrx_word' id='word_1_48' title='bbox 364 829 439 880; x_wconf 85' lang='lat' dir='ltr'>fama</span> <span class='ocrx_word' id='word_1_49' title='bbox 450 828 586 896; x_wconf 82' lang='lat' dir='ltr'>Synhalus</span> <span class='ocrx_word' id='word_1_50' title='bbox 597 828 797 881; x_wconf 77' lang='lat' dir='ltr'>Garamantica</span> <span class='ocrx_word' id='word_1_51' title='bbox 806 830 902 883; x_wconf 76' lang='lat' dir='ltr'>sellan</span> 
     </span>
     <span class='ocr_line' id='line_1_10' title="bbox 174 898 880 965; baseline 0 -14"><span class='ocrx_word' id='word_1_52' title='bbox 174 901 331 951; x_wconf 86' lang='lat' dir='ltr'>Monstrata</span> <span class='ocrx_word' id='word_1_53' title='bbox 341 898 460 965; x_wconf 85' lang='lat' dir='ltr'>augebat</span> <span class='ocrx_word' id='word_1_54' title='bbox 470 900 575 960; x_wconf 88' lang='lat' dir='ltr'>studio,</span> <span class='ocrx_word' id='word_1_55' title='bbox 586 899 725 965; x_wconf 84' lang='lat' dir='ltr'>multaque</span> <span class='ocrx_word' id='word_1_56' title='bbox 736 904 880 951; x_wconf 79' lang='lat' dir='ltr'>vetustum</span> 
     </span>
    </p>

    <p class='ocr_par' dir='ltr' id='par_1_5' title="bbox 114 967 905 1312">
     <span class='ocr_line' id='line_1_11' title="bbox 114 967 905 1035; baseline 0.001 -17"><span class='ocrx_word' id='word_1_57' title='bbox 114 967 165 1018; x_wconf 77' lang='lat'>365</span> <span class='ocrx_word' id='word_1_58' title='bbox 175 968 339 1019; x_wconf 77' lang='lat' dir='ltr'>Hammonis</span> <span class='ocrx_word' id='word_1_59' title='bbox 350 968 479 1017; x_wconf 93' lang='lat' dir='ltr'>comitem</span> <span class='ocrx_word' id='word_1_60' title='bbox 489 968 651 1018; x_wconf 88' lang='lat' dir='ltr'>numerabat</span> <span class='ocrx_word' id='word_1_61' title='bbox 660 968 782 1035; x_wconf 80' lang='lat' dir='ltr'>imagine</span> <span class='ocrx_word' id='word_1_62' title='bbox 793 974 905 1035; x_wconf 74' lang='lat' dir='ltr'>patrem.</span> 
     </span>
     <span class='ocr_line' id='line_1_12' title="bbox 175 1035 878 1102; baseline 0.004 -16"><span class='ocrx_word' id='word_1_63' title='bbox 175 1038 261 1098; x_wconf 90' lang='lat' dir='ltr'>Tum,</span> <span class='ocrx_word' id='word_1_64' title='bbox 273 1036 400 1102; x_wconf 84' lang='lat' dir='ltr'>proavita</span> <span class='ocrx_word' id='word_1_65' title='bbox 410 1035 501 1086; x_wconf 81' lang='lat' dir='ltr'>serens</span> <span class='ocrx_word' id='word_1_66' title='bbox 512 1035 565 1086; x_wconf 88' lang='lat' dir='ltr'>leni</span> <span class='ocrx_word' id='word_1_67' title='bbox 576 1036 758 1088; x_wconf 82' lang='lat' dir='ltr'>medicamina</span> <span class='ocrx_word' id='word_1_68' title='bbox 768 1037 878 1101; x_wconf 79' lang='lat' dir='ltr'>dextra,</span> 
     </span>
     <span class='ocr_line' id='line_1_13' title="bbox 176 1104 837 1169; baseline 0.002 -13"><span class='ocrx_word' id='word_1_69' title='bbox 176 1106 275 1168; x_wconf 82' lang='lat' dir='ltr'>Ocius,</span> <span class='ocrx_word' id='word_1_70' title='bbox 285 1106 404 1156; x_wconf 87' lang='lat' dir='ltr'>intortos</span> <span class='ocrx_word' id='word_1_71' title='bbox 415 1104 449 1155; x_wconf 93' lang='lat' dir='ltr'>de</span> <span class='ocrx_word' id='word_1_72' title='bbox 461 1119 538 1168; x_wconf 82' lang='lat' dir='ltr'>more</span> <span class='ocrx_word' id='word_1_73' title='bbox 549 1105 697 1157; x_wconf 88' lang='lat' dir='ltr'>adstrictus</span> <span class='ocrx_word' id='word_1_74' title='bbox 707 1107 837 1169; x_wconf 78' lang='lat' dir='ltr'>andctns,</span> 
     </span>
     <span class='ocr_line' id='line_1_14' title="bbox 176 1171 856 1243; baseline 0.001 -17"><span class='ocrx_word' id='word_1_75' title='bbox 176 1175 317 1227; x_wconf 83' lang='lat' dir='ltr'>Mulcebat</span> <span class='ocrx_word' id='word_1_76' title='bbox 327 1171 441 1243; x_wconf 81' lang='lat' dir='ltr'>lympha</span> <span class='ocrx_word' id='word_1_77' title='bbox 450 1180 596 1243; x_wconf 83' lang='lat' dir='ltr'>purgatum</span> <span class='ocrx_word' id='word_1_78' title='bbox 605 1176 737 1243; x_wconf 87' lang='lat' dir='ltr'>sanguine</span> <span class='ocrx_word' id='word_1_79' title='bbox 747 1176 856 1229; x_wconf 80' lang='lat' dir='ltr'>vulnus.</span> 
     </span>
     <span class='ocr_line' id='line_1_15' title="bbox 175 1244 825 1312; baseline 0.005 -16"><span class='ocrx_word' id='word_1_80' title='bbox 175 1246 211 1296; x_wconf 85' lang='lat' dir='ltr'>rlt</span> <span class='ocrx_word' id='word_1_81' title='bbox 219 1246 318 1312; x_wconf 80' lang='lat' dir='ltr'>Mago,</span> <span class='ocrx_word' id='word_1_82' title='bbox 330 1245 442 1295; x_wconf 80' lang='lat' dir='ltr'>exuviae</span> <span class='ocrx_word' id='word_1_83' title='bbox 452 1259 546 1295; x_wconf 87' lang='lat' dir='ltr'>seeum</span> <span class='ocrx_word' id='word_1_84' title='bbox 557 1245 684 1312; x_wconf 78' lang='lat' dir='ltr'>caesique</span> <span class='ocrx_word' id='word_1_85' title='bbox 695 1244 825 1299; x_wconf 83' lang='lat' dir='ltr'>volutans</span> 
     </span>
    </p>

    <p class='ocr_par' dir='ltr' id='par_1_6' title="bbox 115 1313 862 1442">
     <span class='ocr_line' id='line_1_16' title="bbox 115 1313 862 1381; baseline 0.004 -17"><span class='ocrx_word' id='word_1_86' title='bbox 115 1313 166 1364; x_wconf 71' lang='lat' dir='ltr'>ete</span> <span class='ocrx_word' id='word_1_87' title='bbox 176 1315 273 1364; x_wconf 87' lang='lat' dir='ltr'>Hostis</span> <span class='ocrx_word' id='word_1_88' title='bbox 285 1318 376 1362; x_wconf 88' lang='lat' dir='ltr'>mente</span> <span class='ocrx_word' id='word_1_89' title='bbox 385 1328 494 1375; x_wconf 86' lang='lat' dir='ltr'>necem,</span> <span class='ocrx_word' id='word_1_90' title='bbox 505 1313 641 1365; x_wconf 81' lang='lat' dir='ltr'>fraternas</span> <span class='ocrx_word' id='word_1_91' title='bbox 650 1319 765 1381; x_wconf 81' lang='lat' dir='ltr'>pectore</span> <span class='ocrx_word' id='word_1_92' title='bbox 779 1330 862 1367; x_wconf 84' lang='lat' dir='ltr'>eurus</span> 
     </span>
     <span class='ocr_line' id='line_1_17' title="bbox 175 1381 779 1442; baseline 0 -9"><span class='ocrx_word' id='word_1_93' title='bbox 175 1381 301 1433; x_wconf 81' lang='lat' dir='ltr'>Pellebat</span> <span class='ocrx_word' id='word_1_94' title='bbox 312 1381 406 1442; x_wconf 87' lang='lat' dir='ltr'>dictis,</span> <span class='ocrx_word' id='word_1_95' title='bbox 418 1386 447 1431; x_wconf 89' lang='lat' dir='ltr'>et</span> <span class='ocrx_word' id='word_1_96' title='bbox 458 1397 552 1433; x_wconf 87' lang='lat' dir='ltr'>casum</span> <span class='ocrx_word' id='word_1_97' title='bbox 562 1382 642 1434; x_wconf 86' lang='lat' dir='ltr'>laude</span> <span class='ocrx_word' id='word_1_98' title='bbox 653 1382 779 1434; x_wconf 84' lang='lat' dir='ltr'>levabat:</span> 
     </span>
    </p>

    <p class='ocr_par' dir='ltr' id='par_1_7' title="bbox 175 1452 884 1590">
     <span class='ocr_line' id='line_1_18' title="bbox 175 1452 884 1516; baseline 0.004 -14"><span class='ocrx_word' id='word_1_99' title='bbox 175 1453 264 1502; x_wconf 85' lang='lat' dir='ltr'>Parce</span> <span class='ocrx_word' id='word_1_100' title='bbox 279 1455 367 1511; x_wconf 86' lang='lat' dir='ltr'>metu,</span> <span class='ocrx_word' id='word_1_101' title='bbox 379 1464 517 1516; x_wconf 85' lang='lat' dir='ltr'>germane.</span> <span class='ocrx_word' id='word_1_102' title='bbox 535 1452 606 1503; x_wconf 88' lang='lat' dir='ltr'>Meis</span> <span class='ocrx_word' id='word_1_103' title='bbox 616 1452 802 1505; x_wconf 84' lang='lat' dir='ltr'>medicamina</span> <span class='ocrx_word' id='word_1_104' title='bbox 811 1452 884 1505; x_wconf 81' lang='lat' dir='ltr'>nulla</span> 
     </span>
     <span class='ocr_line' id='line_1_19' title="bbox 175 1518 808 1590; baseline 0.008 -20"><span class='ocrx_word' id='word_1_105' title='bbox 175 1520 303 1570; x_wconf 76' lang='lat' dir='ltr'>Adversis</span> <span class='ocrx_word' id='word_1_106' title='bbox 313 1520 420 1570; x_wconf 85' lang='lat' dir='ltr'>maiora</span> <span class='ocrx_word' id='word_1_107' title='bbox 430 1518 516 1572; x_wconf 78' lang='lat' dir='ltr'>feres:</span> <span class='ocrx_word' id='word_1_108' title='bbox 525 1521 600 1573; x_wconf 86' lang='lat' dir='ltr'>iacet</span> <span class='ocrx_word' id='word_1_109' title='bbox 609 1522 711 1590; x_wconf 78' lang='lat' dir='ltr'>Appius</span> <span class='ocrx_word' id='word_1_110' title='bbox 722 1519 808 1575; x_wconf 80' lang='lat' dir='ltr'>hasta</span> 
     </span>
    </p>

    <p class='ocr_par' dir='ltr' id='par_1_8' title="bbox 175 1587 811 1658">
     <span class='ocr_line' id='line_1_20' title="bbox 175 1587 811 1658; baseline 0.006 -20"><span class='ocrx_word' id='word_1_111' title='bbox 175 1589 216 1639; x_wconf 78' lang='lat' dir='ltr'>Ad</span> <span class='ocrx_word' id='word_1_112' title='bbox 227 1602 320 1639; x_wconf 88' lang='lat' dir='ltr'>manes</span> <span class='ocrx_word' id='word_1_113' title='bbox 331 1587 424 1654; x_wconf 89' lang='lat' dir='ltr'>pulsus</span> <span class='ocrx_word' id='word_1_114' title='bbox 434 1596 536 1641; x_wconf 88' lang='lat' dir='ltr'>nostre.</span> <span class='ocrx_word' id='word_1_115' title='bbox 558 1588 587 1642; x_wconf 85' lang='lat' dir='ltr'>Si</span> <span class='ocrx_word' id='word_1_116' title='bbox 595 1592 653 1642; x_wconf 85' lang='lat' dir='ltr'>rita</span> <span class='ocrx_word' id='word_1_117' title='bbox 662 1591 811 1658; x_wconf 86' lang='lat' dir='ltr'>relinquat,</span> 
     </span>
    </p>

    <p class='ocr_par' dir='ltr' id='par_1_9' title="bbox 116 1657 912 1781">
     <span class='ocr_line' id='line_1_21' title="bbox 116 1657 912 1727; baseline 0.004 -19"><span class='ocrx_word' id='word_1_118' title='bbox 116 1658 167 1708; x_wconf 71' lang='lat'>375</span> <span class='ocrx_word' id='word_1_119' title='bbox 179 1657 313 1709; x_wconf 86' lang='lat' dir='ltr'>Satnobis</span> <span class='ocrx_word' id='word_1_120' title='bbox 324 1663 415 1709; x_wconf 88' lang='lat' dir='ltr'>actum</span> <span class='ocrx_word' id='word_1_121' title='bbox 426 1664 478 1722; x_wconf 90' lang='lat' dir='ltr'>est,</span> <span class='ocrx_word' id='word_1_122' title='bbox 489 1657 701 1727; x_wconf 88' lang='lat' dir='ltr'>sequarhostem</span> <span class='ocrx_word' id='word_1_123' title='bbox 711 1658 802 1713; x_wconf 88' lang='lat' dir='ltr'>laetus</span> <span class='ocrx_word' id='word_1_124' title='bbox 814 1661 850 1714; x_wconf 86' lang='lat' dir='ltr'>ad</span> <span class='ocrx_word' id='word_1_125' title='bbox 860 1674 912 1713; x_wconf 83' lang='lat' dir='ltr'>un·</span> 
     </span>
     <span class='ocr_line' id='line_1_22' title="bbox 649 1730 721 1781; baseline 0 -2"><span class='ocrx_word' id='word_1_126' title='bbox 649 1730 721 1781; x_wconf 87' lang='lat' dir='ltr'>bras.</span> 
     </span>
    </p>

    <p class='ocr_par' dir='ltr' id='par_1_10' title="bbox 175 1797 891 2071">
     <span class='ocr_line' id='line_1_23' title="bbox 178 1797 842 1868; baseline 0.005 -20"><span class='ocrx_word' id='word_1_127' title='bbox 178 1798 256 1859; x_wconf 79' lang='lat' dir='ltr'>Quae</span> <span class='ocrx_word' id='word_1_128' title='bbox 268 1797 331 1848; x_wconf 89' lang='lat' dir='ltr'>dum</span> <span class='ocrx_word' id='word_1_129' title='bbox 343 1798 468 1849; x_wconf 86' lang='lat' dir='ltr'>turbatos</span> <span class='ocrx_word' id='word_1_130' title='bbox 479 1803 607 1849; x_wconf 85' lang='lat' dir='ltr'>avertunt</span> <span class='ocrx_word' id='word_1_131' title='bbox 617 1813 737 1865; x_wconf 85' lang='lat' dir='ltr'>aequore</span> <span class='ocrx_word' id='word_1_132' title='bbox 748 1800 842 1868; x_wconf 88' lang='lat' dir='ltr'>campi</span> 
     </span>
     <span class='ocr_line' id='line_1_24' title="bbox 175 1868 891 1935; baseline 0.003 -17"><span class='ocrx_word' id='word_1_133' title='bbox 175 1868 327 1931; x_wconf 82' lang='lat' dir='ltr'>Ductores,</span> <span class='ocrx_word' id='word_1_134' title='bbox 339 1869 464 1934; x_wconf 87' lang='lat' dir='ltr'>valloque</span> <span class='ocrx_word' id='word_1_135' title='bbox 474 1873 581 1918; x_wconf 86' lang='lat' dir='ltr'>tenent:</span> <span class='ocrx_word' id='word_1_136' title='bbox 593 1882 627 1918; x_wconf 87' lang='lat' dir='ltr'>ex</span> <span class='ocrx_word' id='word_1_137' title='bbox 638 1869 746 1935; x_wconf 82' lang='lat' dir='ltr'>agmine</span> <span class='ocrx_word' id='word_1_138' title='bbox 756 1869 891 1932; x_wconf 86' lang='lat' dir='ltr'>Poenum,</span> 
     </span>
     <span class='ocr_line' id='line_1_25' title="bbox 176 1936 848 2003; baseline 0.004 -17"><span class='ocrx_word' id='word_1_139' title='bbox 176 1937 324 1988; x_wconf 75' lang='lat' dir='ltr'>cedentem</span> <span class='ocrx_word' id='word_1_140' title='bbox 335 1937 436 1987; x_wconf 84' lang='lat' dir='ltr'>Consul</span> <span class='ocrx_word' id='word_1_141' title='bbox 445 1936 548 1987; x_wconf 92' lang='lat' dir='ltr'>tumulo</span> <span class='ocrx_word' id='word_1_142' title='bbox 560 1937 718 2003; x_wconf 85' lang='lat' dir='ltr'>speculatus</span> <span class='ocrx_word' id='word_1_143' title='bbox 728 1937 763 1988; x_wconf 89' lang='lat' dir='ltr'>ab</span> <span class='ocrx_word' id='word_1_144' title='bbox 775 1937 848 2001; x_wconf 87' lang='lat' dir='ltr'>ulto,</span> 
     </span>
     <span class='ocr_line' id='line_1_26' title="bbox 175 2003 839 2071; baseline 0.006 -17"><span class='ocrx_word' id='word_1_145' title='bbox 175 2006 262 2071; x_wconf 81' lang='lat' dir='ltr'>Atque</span> <span class='ocrx_word' id='word_1_146' title='bbox 274 2010 362 2054; x_wconf 88' lang='lat' dir='ltr'>atram</span> <span class='ocrx_word' id='word_1_147' title='bbox 372 2003 436 2053; x_wconf 91' lang='lat' dir='ltr'>belli</span> <span class='ocrx_word' id='word_1_148' title='bbox 447 2007 543 2054; x_wconf 85' lang='lat' dir='ltr'>castris</span> <span class='ocrx_word' id='word_1_149' title='bbox 556 2022 585 2056; x_wconf 87' lang='lat' dir='ltr'>se</span> <span class='ocrx_word' id='word_1_150' title='bbox 597 2006 716 2056; x_wconf 87' lang='lat' dir='ltr'>condere</span> <span class='ocrx_word' id='word_1_151' title='bbox 726 2007 839 2070; x_wconf 88' lang='lat' dir='ltr'>nubem,</span> 
     </span>
    </p>

    <p class='ocr_par' dir='ltr' id='par_1_11' title="bbox 114 2071 915 2420">
     <span class='ocr_line' id='line_1_27' title="bbox 114 2071 862 2139; baseline 0.009 -17"><span class='ocrx_word' id='word_1_152' title='bbox 114 2072 165 2124; x_wconf 76' lang='lat'>380</span> <span class='ocrx_word' id='word_1_153' title='bbox 177 2072 315 2123; x_wconf 83' lang='lat' dir='ltr'>Turbidus</span> <span class='ocrx_word' id='word_1_154' title='bbox 326 2071 462 2136; x_wconf 83' lang='lat' dir='ltr'>extemplo</span> <span class='ocrx_word' id='word_1_155' title='bbox 474 2075 643 2139; x_wconf 83' lang='lat' dir='ltr'>trepidantes</span> <span class='ocrx_word' id='word_1_156' title='bbox 654 2076 739 2127; x_wconf 90' lang='lat' dir='ltr'>milite</span> <span class='ocrx_word' id='word_1_157' title='bbox 751 2082 862 2129; x_wconf 90' lang='lat' dir='ltr'>maesto</span> 
     </span>
     <span class='ocr_line' id='line_1_28' title="bbox 175 2141 799 2210; baseline 0.01 -19"><span class='ocrx_word' id='word_1_158' title='bbox 175 2141 282 2191; x_wconf 82' lang='lat' dir='ltr'>invadit</span> <span class='ocrx_word' id='word_1_159' title='bbox 294 2154 410 2202; x_wconf 90' lang='lat' dir='ltr'>euneos,</span> <span class='ocrx_word' id='word_1_160' title='bbox 422 2141 566 2209; x_wconf 89' lang='lat' dir='ltr'>subitoque</span> <span class='ocrx_word' id='word_1_161' title='bbox 577 2160 680 2210; x_wconf 83' lang='lat' dir='ltr'>pavore</span> <span class='ocrx_word' id='word_1_162' title='bbox 691 2145 799 2197; x_wconf 87' lang='lat' dir='ltr'>relaxat</span> 
     </span>
     <span class='ocr_line' id='line_1_29' title="bbox 174 2211 759 2265; baseline 0.009 -5"><span class='ocrx_word' id='word_1_163' title='bbox 174 2212 232 2260; x_wconf 86' lang='lat' dir='ltr'>lam</span> <span class='ocrx_word' id='word_1_164' title='bbox 243 2215 415 2259; x_wconf 87' lang='lat' dir='ltr'>rarescentes</span> <span class='ocrx_word' id='word_1_165' title='bbox 426 2211 513 2261; x_wconf 84' lang='lat' dir='ltr'>acies:</span> <span class='ocrx_word' id='word_1_166' title='bbox 524 2217 581 2263; x_wconf 89' lang='lat' dir='ltr'>tum</span> <span class='ocrx_word' id='word_1_167' title='bbox 592 2230 660 2265; x_wconf 82' lang='lat' dir='ltr'>voce</span> <span class='ocrx_word' id='word_1_168' title='bbox 672 2214 759 2265; x_wconf 82' lang='lat' dir='ltr'>feroci</span> 
     </span>
     <span class='ocr_line' id='line_1_30' title="bbox 174 2279 915 2344; baseline 0.012 -16"><span class='ocrx_word' id='word_1_169' title='bbox 174 2279 269 2328; x_wconf 85' lang='lat' dir='ltr'>Poscit</span> <span class='ocrx_word' id='word_1_170' title='bbox 280 2292 392 2344; x_wconf 91' lang='lat' dir='ltr'>equum,</span> <span class='ocrx_word' id='word_1_171' title='bbox 404 2294 436 2328; x_wconf 88' lang='lat' dir='ltr'>ac</span> <span class='ocrx_word' id='word_1_172' title='bbox 447 2280 552 2331; x_wconf 86' lang='lat' dir='ltr'>mediae</span> <span class='ocrx_word' id='word_1_173' title='bbox 563 2284 619 2334; x_wconf 85' lang='lat' dir='ltr'>ruit</span> <span class='ocrx_word' id='word_1_174' title='bbox 628 2285 656 2333; x_wconf 91' lang='lat' dir='ltr'>in</span> <span class='ocrx_word' id='word_1_175' title='bbox 669 2285 822 2336; x_wconf 85' lang='lat' dir='ltr'>certamina</span> <span class='ocrx_word' id='word_1_176' title='bbox 831 2284 915 2337; x_wconf 80' lang='lat' dir='ltr'>valllt·</span> 
     </span>
     <span class='ocr_line' id='line_1_31' title="bbox 174 2345 872 2420; baseline 0.014 -24"><span class='ocrx_word' id='word_1_177' title='bbox 174 2345 221 2397; x_wconf 87' lang='lat' dir='ltr'>Sic</span> <span class='ocrx_word' id='word_1_178' title='bbox 231 2346 277 2397; x_wconf 92' lang='lat' dir='ltr'>ubi</span> <span class='ocrx_word' id='word_1_179' title='bbox 289 2351 439 2397; x_wconf 83' lang='lat' dir='ltr'>torrentem</span> <span class='ocrx_word' id='word_1_180' title='bbox 450 2350 595 2414; x_wconf 86' lang='lat' dir='ltr'>crepitanti</span> <span class='ocrx_word' id='word_1_181' title='bbox 605 2353 736 2420; x_wconf 84' lang='lat' dir='ltr'>grandine</span> <span class='ocrx_word' id='word_1_182' title='bbox 748 2354 872 2406; x_wconf 88' lang='lat' dir='ltr'>nimbum</span> 
     </span>
    </p>

    <p class='ocr_par' dir='ltr' id='par_1_12' title="bbox 114 2415 917 2697">
     <span class='ocr_line' id='line_1_32' title="bbox 114 2415 675 2484; baseline 0.012 -17"><span class='ocrx_word' id='word_1_183' title='bbox 114 2416 165 2467; x_wconf 78' lang='lat'>385</span> <span class='ocrx_word' id='word_1_184' title='bbox 177 2416 260 2467; x_wconf 90' lang='lat' dir='ltr'>lllidit</span> <span class='ocrx_word' id='word_1_185' title='bbox 268 2416 363 2476; x_wconf 84' lang='lat' dir='ltr'>terris,</span> <span class='ocrx_word' id='word_1_186' title='bbox 374 2415 483 2467; x_wconf 79' lang='lat' dir='ltr'>niolitus</span> <span class='ocrx_word' id='word_1_187' title='bbox 494 2419 597 2484; x_wconf 87' lang='lat' dir='ltr'>Iupiter</span> <span class='ocrx_word' id='word_1_188' title='bbox 606 2422 675 2473; x_wconf 89' lang='lat' dir='ltr'>altas</span> 
     </span>
     <span class='ocr_line' id='line_1_33' title="bbox 175 2484 917 2555; baseline 0.008 -18"><span class='ocrx_word' id='word_1_189' title='bbox 175 2486 298 2537; x_wconf 80' lang='lat' dir='ltr'>Fulmina</span> <span class='ocrx_word' id='word_1_190' title='bbox 312 2500 382 2534; x_wconf 91' lang='lat' dir='ltr'>nune</span> <span class='ocrx_word' id='word_1_191' title='bbox 392 2484 486 2551; x_wconf 85' lang='lat' dir='ltr'>Alpes,</span> <span class='ocrx_word' id='word_1_192' title='bbox 497 2504 567 2541; x_wconf 91' lang='lat' dir='ltr'>nunc</span> <span class='ocrx_word' id='word_1_193' title='bbox 583 2492 670 2542; x_wconf 87' lang='lat' dir='ltr'>mixta</span> <span class='ocrx_word' id='word_1_194' title='bbox 682 2493 818 2544; x_wconf 82' lang='lat' dir='ltr'>Ceraunia</span> <span class='ocrx_word' id='word_1_195' title='bbox 829 2491 917 2555; x_wconf 87' lang='lat' dir='ltr'>coele,</span> 
     </span>
     <span class='ocr_line' id='line_1_34' title="bbox 174 2555 865 2626; baseline 0.01 -20"><span class='ocrx_word' id='word_1_196' title='bbox 174 2556 342 2606; x_wconf 83' lang='lat' dir='ltr'>Intremuere</span> <span class='ocrx_word' id='word_1_197' title='bbox 354 2555 432 2605; x_wconf 92' lang='lat' dir='ltr'>simul</span> <span class='ocrx_word' id='word_1_198' title='bbox 444 2556 537 2621; x_wconf 88' lang='lat' dir='ltr'>tellus,</span> <span class='ocrx_word' id='word_1_199' title='bbox 550 2564 578 2610; x_wconf 87' lang='lat' dir='ltr'>et</span> <span class='ocrx_word' id='word_1_200' title='bbox 589 2568 702 2626; x_wconf 87' lang='lat' dir='ltr'>pontus,</span> <span class='ocrx_word' id='word_1_201' title='bbox 713 2567 742 2613; x_wconf 85' lang='lat' dir='ltr'>et</span> <span class='ocrx_word' id='word_1_202' title='bbox 753 2558 865 2626; x_wconf 53' lang='lat' dir='ltr'>aethere</span> 
     </span>
     <span class='ocr_line' id='line_1_35' title="bbox 166 2626 870 2697; baseline 0.007 -20"><span class='ocrx_word' id='word_1_203' title='bbox 166 2626 291 2695; x_wconf 82' lang='lat' dir='ltr'>Ipsaque</span> <span class='ocrx_word' id='word_1_204' title='bbox 304 2631 445 2679; x_wconf 86' lang='lat' dir='ltr'>commoto</span> <span class='ocrx_word' id='word_1_205' title='bbox 457 2629 616 2697; x_wconf 82' lang='lat' dir='ltr'>quatiuntur</span> <span class='ocrx_word' id='word_1_206' title='bbox 624 2632 750 2679; x_wconf 70' lang='lat' dir='ltr'>&#39;larem</span> <span class='ocrx_word' id='word_1_207' title='bbox 755 2631 870 2681; x_wconf 80' lang='lat' dir='ltr'>munde.</span> 
     </span>
    </p>

    <p class='ocr_par' dir='ltr' id='par_1_13' title="bbox 157 2696 785 2768">
     <span class='ocr_line' id='line_1_36' title="bbox 157 2696 785 2768; baseline -0.011 -19"><span class='ocrx_word' id='word_1_208' title='bbox 157 2698 269 2752; x_wconf 86' lang='lat' dir='ltr'>Incidit</span> <span class='ocrx_word' id='word_1_209' title='bbox 280 2700 414 2754; x_wconf 87' lang='lat' dir='ltr'>attonitis</span> <span class='ocrx_word' id='word_1_210' title='bbox 425 2699 545 2768; x_wconf 88' lang='lat' dir='ltr'>inopino</span> <span class='ocrx_word' id='word_1_211' title='bbox 554 2696 785 2750; x_wconf 61' lang='lat' dir='ltr'>turbinebeems</span> 
     </span>
    </p>
   </div>
   <div class='ocr_carea' id='block_1_4' title="bbox 0 0 964 2962">
    <p class='ocr_par' dir='ltr' id='par_1_14' title="bbox 0 0 964 2962">
     <span class='ocr_line' id='line_1_37' title="bbox 0 0 964 2962; baseline 0 0"><span class='ocrx_word' id='word_1_212' title='bbox 0 0 964 2962; x_wconf 95' lang='lat' dir='ltr'> </span> 
     </span>
    </p>
   </div>
  </div>
 </body>
</html>
