1920 2962
226 131 477 184 Punicorum
505 132 585 185 LIB.
609 134 671 205 vn.
768 139 820 193 189

77 253 213 319 Aequato.
232 250 305 302 Nulli
316 251 458 318 quisquam
465 251 566 304 virtute
577 255 721 317 secundus,
844 259 878 309 bb

77 321 190 372 Ducere
200 324 245 369 ter
255 324 364 369 centum
375 321 495 388 Tarpeia
506 321 540 372 ad
549 322 652 388 templa
660 323 822 392 triumphos.

76 388 161 456 (Spes
171 386 237 439 heul
248 387 374 451 fallaces,
386 390 524 457 oblitaque
536 391 621 443 corda
632 392 773 456 caducum,

76 458 192 512 Mortali
202 458 383 524 quodcunque
394 459 494 522 datur.)
508 459 583 511 Grex
593 460 638 511 iile
649 463 777 525 virorum,

77 529 135 590 Qui
145 527 232 578 Fabia
243 527 463 594 gente-incolumi
475 527 598 579 deforme
607 530 723 595 putabat

75 595 195 649 Publica
203 596 275 646 bede
286 596 358 664 geri,
369 598 472 663 pariter
482 597 607 648 cecidere
619 598 740 650 Deorum
844 602 876 651 dd

75 666 199 728 Invidia,
211 665 308 716 subitis
320 665 593 717 circumuenientibus
606 669 696 718 amois.

75 734 138 787 Nec
148 741 240 785 tamen
251 735 359 784 occisos
369 740 413 786 est
424 750 472 784 cur
481 735 593 786 laetere.
612 734 772 803 Supersunt.

73 804 160 866 Quod
170 805 219 856 tibi
230 805 266 855 sit
275 802 437 871 Libyaeque
449 804 529 865 satis,
542 807 689 855 certaverit
698 823 766 857 unus

73 875 135 925 Ter
146 880 254 924 centum
264 873 376 924 dextris,
401 875 470 922 Tam
481 872 571 922 vivida
580 874 716 936 membra,
726 874 815 925 lebor-

569 957 604 993 ue

75 1010 227 1072 Providus,
239 1017 267 1061 ot
277 1017 360 1062 caute
369 1012 492 1063 sollertia
501 958 577 1062 teotqa
588 1014 688 1081 quiete.
842 1011 874 1062 65

77 1080 137 1133 Nec
148 1094 214 1131 vero
221 1116 230 1143 ,
241 1081 333 1143 calidi,
344 1097 415 1131 nuno
425 1087 456 1131 tu
461 1116 469 1143 ,
482 1082 526 1131 eui
536 1084 673 1148 sanguinis
685 1087 771 1146 aetas,

74 1150 191 1205 Foderis
200 1150 229 1200 iu
240 1166 331 1218 pugna
342 1151 462 1202 velocius
471 1149 519 1200 ilia
528 1150 621 1216 planta

73 1218 223 1273 Bellatoris
234 1221 311 1286 equi,
321 1218 458 1286 frenisque
473 1219 649 1270 momorderis
661 1234 716 1269 ora.

76 1291 166 1352 Quem
178 1303 291 1341 cernens
302 1288 411 1340 aridum
420 1288 467 1345 leti
480 1295 542 1354 post
553 1289 618 1340 talia
628 1289 747 1351 Poenus,

74 1358 266 1426 Nequidquam
276 1363 398 1420 nostras,
410 1358 535 1420 demens,
546 1360 599 1421 ait,
611 1359 685 1410 elicis
695 1359 759 1419 uas,
841 1359 873 1407 to

74 1430 114 1483 Et
123 1429 235 1494 confisa
245 1442 326 1493 paras
336 1427 477 1479 moriendo
489 1428 605 1479 evadere
615 1428 712 1479 riucla.

74 1497 230 1551 visendum
241 1503 291 1548 est
309 1498 376 1548 Arta
384 1503 528 1549 serventur
537 1496 608 1547 collo
619 1504 724 1548 catena.

72 1566 155 1621 liaeo
165 1567 278 1628 iuvenis,
289 1566 419 1634 Divisque
429 1573 536 1617 tumens
543 1567 668 1634 ausisque
679 1566 813 1617 secundis.

73 1636 108 1688 At
119 1637 218 1687 Patres
229 1635 378 1703 Latiasque
389 1652 472 1686 nurus
483 1636 611 1700 raptabat
622 1636 656 1685 ad
669 1650 731 1685 aras

73 1705 257 1757 GuruDeum.
275 1705 383 1755 Meesto
395 1704 515 1756 suiiusae
526 1704 628 1753 lumina
637 1705 712 1754 vultu
841 1703 874 1750 75

72 1775 221 1827 Femineas
230 1779 334 1824 matres
345 1774 469 1839 graditur
481 1771 594 1834 chorus3
607 1772 701 1822 ordine
713 1771 804 1836 longo,

74 1844 174 1896 lunoni
184 1843 283 1909 pallam
294 1847 481 1907 conceptaque
492 1845 558 1890 vota
568 1840 705 1891 dicabant.

73 1913 230 1975 iiueades,
241 1928 258 1964 o
270 1913 366 1979 regina
378 1911 479 1972 Deum,
491 1923 558 1977 gens
570 1915 647 1960 casta
657 1923 815 1976 precamur3

73 1984 112 2035 Et
123 1981 250 2044 ferimus,
263 1981 344 2048 digno
358 1994 534 2047 quaecunque
546 1984 589 2030 est
599 1979 720 2042 nomine,
730 1977 811 2028 turba

74 2051 242 2105 Ausonidum
252 2048 456 2117 pulchrumque,
468 2055 496 2100 et
508 2065 558 2100 acu
571 2047 812 2109 subteminefulvo‚
841 2047 874 2097 80

73 2121 157 2184 Quod
169 2126 280 2173 nostrae
291 2135 390 2171 nevere
401 2135 513 2181 manus,
523 2117 677 2170 venerabile
691 2118 799 2168 donum.

73 2191 112 2242 Ac
124 2190 190 2240 dum
200 2189 336 2243 decrescit
346 2194 463 2239 matrum
474 2194 577 2249 metus,
587 2185 640 2238 hoc
651 2187 714 2250 tibi,
724 2186 803 2249 Diva,

72 2260 184 2312 interea
193 2259 317 2315 velamen
328 2259 388 2309 erit.
408 2256 437 2309 Si
448 2257 547 2324 pellere
558 2258 658 2308 nostris

72 2329 270 2393 Marmaricam
279 2328 361 2377 terris
371 2326 470 2377 nubem
482 2326 575 2389 dabis,
588 2327 675 2376 omnis
685 2327 713 2376 in
723 2338 790 2375 euro

71 2397 174 2451 Pressa
184 2397 235 2449 tibi
245 2397 322 2449 varia
332 2395 448 2463 fulgebit
457 2411 565 2463 gemma
577 2410 687 2445 corona.
841 2391 876 2441 85

72 2467 198 2520 Necnon
210 2472 239 2517 et
247 2466 359 2533 proprio
371 2470 536 2516 venerentur
545 2462 660 2515 Pallada
670 2461 753 2523 dono,

72 2535 287 2604 Phoebumque,
299 2535 517 2602 armigerumque
529 2532 634 2656 Dgum,
647 2532 823 2599 quinamque

581 2618 691 2657 ionem.

69 2677 157 2726 Tanta
167 2673 252 2738 adeo,
264 2690 328 2728 eum
341 2691 389 2732 res
399 2677 553 2751 trepidae,
561 2666 864 2732 reverentissimum
