1920 2962
169 140 219 191 372
364 138 393 188 C.
422 133 526 188 SlLll
553 131 715 185 lTALlGl

168 258 293 310 Rarescit
304 254 389 307 multo
401 254 509 306 laxatus
520 252 630 304 vulnere
642 250 737 312 miles,¹

166 331 253 395 Atque
265 327 355 393 aperit
364 324 472 392 patulas
483 326 623 390 prostrato
635 336 753 389 corpore
763 321 820 373 late

105 398 156 448 425
169 396 306 449 intertela
315 397 382 447 vias
413 393 542 459 irrumpit
550 391 622 442 mole
633 392 728 442 ruinae

166 467 301 518 Ausonius
311 464 418 533 globus,
431 469 460 514 et
470 462 589 530 periuria
601 459 686 512 Graia
696 462 829 530 resn'gaat.

167 535 364 589 Archemorum
384 533 496 595 Rullus,
522 532 661 582 Teucrum
686 528 854 650 {durbonum
880 537 905 585 et

643 614 724 651 amo

166 675 281 725 Mantua
291 672 396 723 labenti
406 670 532 738 genetrix
544 669 685 720 dimiserat
695 683 773 721 aero.

168 743 322 795 obtruncat
333 739 455 792 Samium
467 738 580 789 bellacis
591 738 690 789 dextra
701 738 804 791 caleni.

106 813 156 863 430
169 814 202 864 it
214 813 334 879 Clytium
346 808 443 873 Selius,
454 808 594 861 Pellaeum
604 812 632 859 et
643 821 715 858 vana
723 814 876 864 tumentem

166 883 207 934 ad
217 896 317 932 nomen
327 881 434 947 patriae
445 879 578 945 Clytium3
592 876 641 929 scd
653 877 742 945 gloria
754 879 849 934 Pellae

166 950 249 1001 Haud
259 951 344 1001 valuit
355 951 454 1000 misero
467 947 616 999 defendere
627 946 738 1015 Daunia
747 948 814 1000 tela.

166 1018 281 1072 Saevior
291 1017 333 1071 bis
344 1018 442 1069 Latios
452 1016 579 1068 vastabat
589 1017 699 1067 Bruttia
708 1019 789 1084 signa

166 1090 278 1141 Laelius
288 1089 469 1154 increpitans:
480 1086 591 1138 Adeone
603 1086 738 1137 Oenotria
748 1088 831 1140 tellus

105 1159 156 1209 435
168 1158 341 1211 Detestanda
352 1158 418 1220 fuit,
431 1172 512 1225 quam
524 1171 574 1224 per
582 1157 670 1206 oraria
680 1171 796 1222 aspera,
807 1173 905 1228 perque

165 1229 279 1280 insanos
290 1228 379 1293 Tyrio
390 1227 522 1293 lugeretis
533 1226 636 1292 remige
647 1224 766 1278 fluctuet

166 1295 220 1347 Sed
231 1296 333 1363 fugisse
345 1297 412 1346 satis
424 1295 514 1346 fuerit.
542 1295 662 1346 Latione
674 1309 775 1348 cruore

163 1367 279 1431 insuper
289 1369 418 1416 externas
429 1365 522 1430 petitis
534 1363 700 1430 perfundere
710 1365 820 1418 terrosi

163 1435 242 1486 Haec
253 1433 347 1485 dicens
358 1431 484 1497 Silarum,
495 1433 673 1486 meditantem
681 1435 711 1486 in
721 1435 844 1502 proelia,
854 1436 904 1489 telo

107 1503 157 1554 440
168 1504 324 1556 Praevenit
352 1504 443 1554 Hasta
452 1503 548 1554 volans
558 1505 613 1555 imo
625 1505 676 1556 sub
687 1511 802 1573 guttura
812 1507 890 1568 sedit,

164 1575 200 1624 Et
210 1574 283 1625 vitae
292 1575 424 1641 vocisque
435 1576 493 1625 rias
504 1573 584 1625 simul
594 1575 680 1624 incita
692 1574 801 1628 clausit.

164 1644 278 1712 Virgilio
291 1644 436 1707 Caudinus,
449 1644 549 1695 acerbo
561 1641 651 1695 Sarnis
661 1645 768 1697 Amano

164 1712 309 1765 Sternitur.
338 1714 498 1765 decendunt
507 1715 563 1763 iras
574 1713 719 1780 vultusque
731 1715 864 1778 virorum,

163 1785 359 1852 armorumque
371 1781 480 1834 babitus
488 1782 554 1843 noti,
567 1789 654 1833 etvox
662 1784 904 1853 consonalinguae.

103 1850 152 1902 445
167 1853 242 1914 Quos
253 1853 299 1904 ubi
313 1853 448 1904 nudantes
460 1853 604 1917 conspexit
613 1851 775 1904 Hamilcare
788 1860 880 1905 cretus

163 1923 256 1989 Terga
265 1921 362 1990 fugae,
384 1920 476 1985 State,
498 1937 531 1972 ac
541 1927 663 1972 nostram
674 1937 709 1973 ne
721 1923 833 1989 prodite
844 1938 904 1993 gen·

638 1997 704 2053 tem,

164 2058 327 2111 Vociferaus
339 2060 419 2122 subit,
432 2067 460 2111 et
472 2063 609 2112 convertit
620 2061 726 2127 proelia
742 2062 851 2115 dextra.

164 2128 257 2190 Qualis
269 2130 296 2178 in
310 2128 446 2181 aestiferis
459 2129 657 2182 Garamantum
669 2130 729 2182 feta
739 2147 847 2184 veneno

161 2197 269 2249 Attollit
279 2199 383 2264 campis
393 2198 510 2250 ferventi
521 2207 616 2267 pastus
627 2216 711 2252 arena

101 2267 152 2316 450
165 2268 241 2328 Colla
250 2265 451 2319 Paraetbonius
463 2285 584 2336 serpens,
597 2270 707 2338 lateque
719 2285 770 2337 per
781 2286 863 2323 auras

162 2338 316 2388 Undantem
327 2343 439 2406 torquet
449 2338 616 2404 perfundens
627 2339 720 2391 nubila
730 2341 836 2392 tabcm.

163 2408 298 2458 Continuo
309 2406 411 2459 infcsta
423 2415 579 2475 portantem
592 2410 704 2477 cuspide
714 2410 814 2463 vulnus

151 2478 278 2549 Impedit
290 2478 453 2534 antevolans
463 2479 591 2532 lienum:
603 2481 646 2530 cui
658 2479 749 2532 nobile
761 2495 864 2533 nomen

142 2550 320 2610 Marrucina
332 2554 447 2621 domus,
458 2549 843 2619 clarunxaue'iaateiercbat

64 2619 122 2672 455
135 2625 240 2699 Atque
254 2628 294 2682 illi
308 2645 454 2702 stagnum
462 2624 581 2687 nitenti,
590 2613 855 2672 srianmbmboa'ss

124 2699 276 2773 Arrectm
290 2704 400 2777 capuli
413 2702 456 2757 ad
465 2702 560 2755 finem
567 2679 862 2748 manuninum-toda
