1920 2962
139 171 190 222 ito
341 169 370 219 G.
399 164 500 221 slhll
531 164 697 218 ll'aLlcl

140 288 279 340 Transdxi
290 286 389 354 clypei,
401 287 559 356 galeaeque,
572 291 601 336 et
610 285 706 338 inutile
717 283 832 351 sermm,
871 308 874 313 ⁴

139 359 295 425 Fractaque
307 355 437 408 contlr'ctu
448 369 604 423 parmarum
614 356 746 423 tegmine,
757 362 786 407 et
797 372 845 409 ors

143 425 325 493 Cornipedum
337 426 453 494 derepta
463 424 523 477 iero
533 425 691 492 spumantia
701 424 789 476 irena.
812 456 819 467 ·

81 498 132 548 82⁰
144 496 315 565 sanguineus
325 495 444 546 tumidas
454 495 481 545 in
494 508 608 560 campos
618 493 827 547 laudatorias

141 568 260 628 Eiectat,
270 564 415 632 redditque
426 563 519 615 fruens
530 578 580 614 sna
590 578 711 630 corpora
719 565 794 631 ripis.

142 634 188 687 Sic
200 634 296 702 Lagea
307 636 383 696 ratis,
393 640 472 685 vasto
483 632 557 684 velut
568 632 658 683 insula
665 639 757 699 ponto

143 706 307 772 Conspecta,
317 703 393 754 illisit
403 702 523 769 scopulis
533 701 579 754 ubi
590 702 699 753 nubifer
710 703 810 767 Euros,

141 773 323 841 Naufragium
333 787 466 841 spargens
483 773 575 839 operit
591 769 673 891 irattpi
708 772 820 842 lamque
831 786 867 841 per

616 857 653 891 un
674 855 706 892 as

82 912 133 963 325
143 913 181 964 Et
190 917 321 973 transtra,
332 916 361 961 et
371 910 446 973 mali,
457 909 605 978 laceroque
616 909 752 977 aplustria
763 911 831 976 selo,

140 983 180 1032 Ac
190 981 283 1030 miseri
293 978 401 1029 fluitant
412 985 586 1030 revomentes
596 994 721 1047 aequora
730 988 837 1033 nautae.

140 1051 176 1101 At
185 1049 303 1111 Poenus,
315 1063 364 1114 per
373 1048 457 1116 longa
467 1048 540 1098 diem
551 1050 704 1100 certamina
716 1053 807 1104 saeris

142 1119 277 1172 enodibus
287 1132 422 1181 emensus,
435 1123 580 1186 postquam
590 1118 718 1185 eripuere
730 1119 817 1173 furori

140 1191 278 1256 lusignern
288 1189 420 1240 tenebrae
431 1188 530 1250 lucenr,
540 1193 599 1239 tum
609 1186 730 1256 deniqne
739 1190 850 1242 Mortem

82 1258 132 1309 330
142 1259 261 1319 Dimisit,
272 1257 437 1324 tandemque
447 1258 503 1308 suis
513 1258 542 1307 in
554 1256 639 1307 caede
650 1261 787 1326 pepercit.

143 1326 198 1378 Sed
207 1341 284 1376 ruens
294 1325 417 1392 invigilat
429 1328 510 1389 curis,
522 1327 665 1394 noctisque
675 1329 799 1395 quietem

141 1397 225 1449 Ferre
236 1395 338 1461 nequit.
360 1393 489 1446 Stimulat
499 1396 572 1447 dona
579 1397 653 1446 inter
662 1401 743 1448 mnia
754 1399 860 1451 Deam

140 1465 278 1517 Hortatur
288 1464 407 1515 nondum
419 1470 513 1532 portas
522 1466 640 1517 intrasse
653 1463 771 1527 Quirini.

140 1533 272 1586 Proxima
292 1534 339 1584 lux
360 1534 460 1601 placet.
494 1535 567 1586 Hinc
584 1534 698 1586 strictos
715 1535 789 1590 lerre
808 1536 866 1589 ocios

618 1619 708 1667 enses,

82 1672 131 1723 335
145 1671 218 1723 Dum
229 1670 319 1724 fervet
332 1689 422 1738 cruor,
433 1679 461 1726 et
471 1672 599 1740 perfusae
611 1672 697 1725 caede
709 1673 840 1738 cohortes,

141 1743 287 1804 Destinat,
309 1746 415 1796 aciem
436 1744 556 1794 claustra
575 1757 676 1806 manu,
697 1745 756 1796 iarn
775 1743 863 1798 moenia

616 1811 728 1864 flamma

141 1883 275 1949 Occupat,
289 1892 316 1934 et
327 1885 414 1950 iungit
425 1884 545 1950 Tarpeia
556 1883 683 1934 incendia
695 1885 802 1936 Cannis

142 1951 202 2010 Quo
214 1951 326 2001 turbata
336 1953 385 2001 viri
399 1954 497 2003 coniux
508 1950 637 2003 Saturnia
648 1960 761 2021 coepto,

140 2020 299 2085 Irarumque
311 2021 383 2070 lovis
395 2021 523 2090 Latiique
533 2019 606 2072 haud
617 2023 777 2087 inscia'fati,

80 2088 130 2137 340
139 2089 282 2138 lncautum
294 2090 421 2141 ardorem
433 2097 514 2159 atque
526 2090 618 2142 avidas
630 2091 665 2142 ad
676 2090 756 2145 futile
767 2098 846 2144 votum

140 2154 209 2222 Spes
219 2158 324 2210 iuvenis
333 2159 442 2210 frenare
454 2167 542 2227 parat.
572 2162 631 2212 ciet
641 2160 707 2214 inde
720 2165 816 2231 quietis

137 2226 306 2292 Regnontenr
318 2228 588 2295 tenebrisSomnnm3
602 2246 656 2298 quo
664 2246 749 2300 saepe
757 2232 862 2284 minim

139 2296 268 2347 Edomita
278 2298 354 2347 inviti
366 2302 505 2364 componit
515 2300 617 2350 lumina
627 2299 731 2353 fratris.

139 2368 226 2433 Atque
237 2365 299 2417 huic
311 2367 442 2429 arridens,
455 2367 516 2419 Non
528 2375 555 2421 te
566 2369 726 2435 maioribus,
737 2372 828 2440 inquit,

79 2434 130 2485 345
142 2436 230 2498 lineis,
239 2437 318 2500 Divo,
330 2452 413 2488 voco:
427 2453 478 2488 nco
488 2454 575 2505 posco
586 2445 618 2491 ut
627 2439 757 2493 mollibus
768 2440 815 2492 alis

137 2504 195 2556 Des
205 2506 307 2559 uictum
317 2506 391 2571 mihi,
404 2505 512 2570 Somne,
524 2508 724 2629 lovemffllfpin
734 2510 807 2562 rnille
815 2518 861 2577 llll·

122 2647 201 2706 Sunt
212 2652 292 2707 oculi
304 2655 369 2719 tibi,
381 2667 437 2705 nec
448 2663 586 2719 spernens
592 2648 854 2726 tuanuuanmam

112 2725 265 2786 Inachiae
279 2729 380 2784 multa
393 2719 580 2797 superandus
585 2718 674 2766 nomo
679 2724 825 2762 iuuencae
