1920 2962
120 156 153 207 54
307 154 336 203 C.
364 150 469 203 Sibil
498 150 664 203 luthro!

119 277 254 341 Apparat;
274 270 807 339 11111111010001111110011131οω0.

73 344 110 395 ‚uu
123 345 200 405 Quae
211 341 274 391 dum
286 340 442 408 perlustrat,
453 336 606 405 crebroque
617 338 676 389 ubit
686 340 781 393 omnia
790 342 861 403 usu,
877 368 878 374 ¹

119 411 244 462 Tandem
254 410 371 461 sollicito
383 408 465 460 cessit
474 408 516 457 rie
527 406 596 457 dura
605 405 701 467 labori,

125 481 343 548 Belligeramque
354 478 435 531 datur
444 489 541 527 somno
553 490 718 542 eoniponere
730 484 862 531 mentem.

120 551 191 601 Tum
202 555 282 616 pater
292 549 465 614 omnipotens
476 549 587 611 gentem
603 558 733 595 exercere
750 548 862 613 periclis

119 620 295 679 Dardaniam,
306 618 420 669 etfama
430 628 574 666 saevorum
584 612 681 664 tollere
693 613 730 664 ud
739 622 817 668 astra

60 687 109 738 1115
120 689 257 739 Bellorum
267 687 410 748 meditans,
420 685 580 753 priscosque
591 681 695 734 referre
706 683 828 750 iabores,

120 758 289 823 Praecipitat
299 754 498 817 consultariri3
518 767 683 821 segnemque
696 755 819 820 quietem

120 829 228 887 'Ferret
240 832 268 877 et
277 827 398 877 immissa
407 824 509 891 rumpit
520 822 665 874 formidine
675 837 798 877 somnos.

119 897 229 963 lamque
241 911 290 962 per
300 894 457 946 humentem
466 893 556 943 noetis
569 892 707 958 Cyllenius
716 893 844 947 umbram

118 965 226 1031 Aligero
237 964 316 1030 lapsu
327 963 458 1027 portabat
466 961 542 1010 iussa
552 962 682 1026 parentis.

61 1034 106 1083 itu
117 1032 175 1083 Nee
187 1046 272 1081 mura
301 1030 467 1082 Muieentem
478 1043 576 1079 securo
587 1029 710 1081 membra
720 1046 824 1098 sopore

118 1099 284 1167 aggreditur
292 1100 427 1161 iuvenem,
438 1112 471 1148 ee
481 1098 592 1148 monitis
601 1100 714 1151 incessit
725 1104 843 1155 amaris:

119 1170 212 1235 Turpe
226 1169 289 1219 duci
300 1174 389 1220 tetam
400 1181 496 1218 somno
508 1182 668 1219 consumere
680 1176 802 1234 noctem,

119 1240 143 1289 0
154 1244 247 1289 rector
256 1237 372 1303 Libyae.
400 1236 482 1303 vigili
494 1241 568 1286 stunt
577 1236 650 1288 bella
660 1240 805 1305 magistro.

119 1309 176 1357 lum
186 1308 273 1358 nimia
284 1305 385 1357 effusas
397 1320 493 1357 cernes
504 1306 615 1358 turbare
627 1308 744 1369 carinas,

58 1378 109 1429 1¹15
121 1377 158 1427 Et
168 1376 278 1427 Latiam
291 1380 351 1426 tote
363 1374 463 1442 pubem
473 1375 587 1427 volitare
598 1375 745 1443 profundo,

118 1445 190 1495 Dum
200 1444 290 1495 lentus
301 1445 391 1511 coepti
403 1451 477 1496 terra
488 1445 625 1496 cunctaris
639 1444 754 1497 Hibera.

118 1511 238 1577 Scilicet,
247 1513 276 1564 id
287 1515 353 1565 satis
370 1520 413 1566 est
422 1515 547 1576 decoris,
564 1515 798 1585 memorandaque
809 1520 862 1571 rir-

590 1590 645 1647 tus,

120 1652 198 1713 Quod
211 1658 289 1705 tanto
301 1653 402 1704 cecidit
412 1654 549 1705 molimine
562 1652 647 1704 Graia
657 1651 818 1721 Saguntosi

119 1721 161 1772 En
174 1737 233 1790 age,
245 1724 268 1774 si
280 1724 343 1791 quid
352 1724 427 1775 inest
436 1725 525 1775 animo
537 1738 587 1788 par
597 1722 715 1774 fortibus
727 1727 812 1789 ausis,

58 1790 108 1841 181
118 1792 173 1843 Fer
178 1808 288 1861 gressus
294 1794 379 1862 agiles
388 1809 510 1855 meeum,
522 1797 550 1843 et
556 1794 688 1843 comitare
699 1801 846 1846 vocantem

118 1861 280 1929 Respexisse
291 1869 368 1914 veto:
387 1865 497 1925 (monet
507 1860 561 1914 hee
571 1868 652 1930 peter
665 1862 712 1913 ille
724 1861 843 1915 Deorum

120 1930 259 1983 Victorem
272 1938 335 1983 ante
346 1932 419 1981 altae
429 1936 549 1981 statuam
558 1936 586 1980 te
598 1932 707 1983 moenia
717 1929 833 1984 Romae.

118 2000 229 2068 lamque
239 1999 383 2050 ridebatur
393 1998 517 2049 dextram
529 2001 670 2062 iniectare,
681 2000 826 2070 graduque

117 2068 282 2119 Laetantem
291 2065 401 2118 trahere
412 2068 440 2116 in
453 2065 582 2118 Saturnia
592 2082 677 2135 regnu
688 2069 790 2135 citat03

58 2136 107 2186 185
120 2138 187 2189 cum
197 2135 303 2187 subitus
315 2137 390 2186 eirea
399 2134 502 2203 fragor,
514 2143 542 2188 et
551 2136 660 2188 vibrata
670 2153 719 2204 per
732 2154 815 2192 auras

118 2206 267 2256 Exterreut
276 2206 364 2255 saeris
376 2218 392 2254 a
402 2211 481 2272 tergo
494 2206 573 2257 sibila
580 2205 691 2275 linguis:

118 2275 147 2323 ln
169 2274 278 2340 entique
288 2279 363 2323 metu
373 2272 473 2323 Divum
483 2282 633 2342 praecepta
643 2279 754 2343 paventi

119 2289 256 2392 1111101111
268 2342 335 2404 siro,
347 2347 375 2392 et
385 2342 510 2394 turbatus
519 2343 621 2395 lumina
631 2344 726 2397 flectit.

119 2410 192 2461 Eece
203 2412 273 2478 iugis
285 2411 392 2476 rapiens
403 2410 493 2474 silvas,
506 2427 539 2462 ac
550 2414 653 2466 robora
663 2422 741 2466 vasto

58 2478 108 2530 19⁰
119 2479 253 2531 Contorta
264 2480 399 2545 amplexu,
410 2486 567 2549 tractasque
578 2485 712 2551 periuria
722 2500 797 2553 rupe

117 2548 183 2597 Ater
190 2546 299 2601 letifero
311 2549 444 2601 stridebat
455 2552 562 2603 turbine
573 2568 695 2618 serpens.

119 2616 243 2676 Quantus
254 2634 307 2671 nen
319 2634 421 2687 aequas
432 2622 580 2687 perlustrat
588 2620 704 2673 flexibus
713 2623 787 2675 Aret

103 2684 145 2735 Et
149 2688 295 2752 geminum
304 2690 386 2761 iapsu
397 2690 474 2746 sidus
485 2689 660 2759 circumiigat
668 2693 780 2759 augitis·-
