1920 2962
312 38 362 89 152
511 40 538 88 C.
567 41 671 87 Sibil
699 43 863 88 l'l'AhlGl

310 155 430 206 Poscere
440 169 491 205 nee
502 153 596 207 Poeno
608 170 721 222 pravum
732 171 764 206 ae
775 156 878 206 nutrire
890 161 895 204 i

311 224 428 284 Deerat,
441 230 482 286 et,
493 230 525 274 ut
533 239 618 292 parvo
631 225 736 275 maiora
747 224 781 274 ad
793 225 894 290 proelia

311 293 444 355 idiceret,
455 292 539 344 dubet
549 293 684 345 interdum
696 293 850 344 simulantia
860 300 894 344 tei

254 362 305 414 500
316 361 377 414 Non
389 361 482 425 aliter,
494 378 574 429 quam
586 363 631 430 qui
642 377 738 429 sparsa
748 377 797 427 per
813 369 893 430 stagn

314 433 446 483 Evocate
458 431 564 500 liquidis
574 431 676 498 piscem
690 431 873 497 penetralibus
886 448 894 481 r

316 503 436 568 Cumque
447 501 534 552 levem
545 515 650 551 summa
660 501 790 551 nortiam
802 516 867 551 nare
879 517 893 551 s

314 571 398 623 Ducit
408 572 515 621 sinuato
524 570 662 637 captivum
674 570 708 621 ad
718 570 800 619 litora
811 569 875 620 lino.

315 626 400 691 Fama
411 638 490 703 furit,
500 653 595 690 versos
605 636 712 701 hostes,
727 639 893 705 Poenumqrn

255 709 305 760 505
317 710 454 761 invertisse
465 706 543 777 fuga:
554 707 636 759 liceat
646 709 669 759 si
680 709 803 769 vincere,
814 708 893 758 finem

315 780 444 831 Promitti
454 776 573 831 cladum:
585 777 633 829 aed
644 779 715 828 enim
726 777 828 827 ditione
839 792 892 827 ear<

316 850 467 910 Virtutem,
478 853 506 897 et
516 861 620 914 poenas
629 846 799 897 vincentibus
810 861 869 897 esse
882 862 892 896 r

317 917 475 967 clausurum
485 916 539 967 iam
551 920 643 966 eastra
651 913 761 977 ducem,
773 930 892 981 rursuaqr

316 985 439 1052 Vaginae
449 985 585 1034 iussurum
597 998 688 1045 enses,
700 984 830 1034 reddatur
840 985 866 1034 in
879 1000 892 1033 a

257 1056 309 1107 510
318 1055 354 1106 Ut
366 1053 451 1115 ratio,
462 1058 489 1104 et
501 1058 600 1121 purget
611 1051 688 1103 miles
695 1089 703 1115 ,
714 1068 761 1103 eur
771 1054 868 1103 vicerit
878 1051 891 1103 b

317 1124 395 1174 Haeo
405 1123 514 1190 vulgus:
525 1138 575 1174 noc
587 1137 642 1173 non
651 1121 764 1172 latrum
776 1120 891 1172 Saturnia

316 1191 437 1243 Invidiae
447 1191 555 1242 stimulo
567 1190 638 1241 fodit
650 1197 677 1241 et
688 1191 863 1256 popularibus
874 1206 890 1240 a

318 1262 396 1310 Tune
405 1259 516 1327 indigna
526 1259 580 1310 fide
592 1265 705 1309 censent
717 1259 890 1325 optandaque

319 1329 395 1390 Quae
405 1341 469 1378 mox
479 1324 552 1377 haud
563 1342 647 1393 parvo
658 1328 766 1380 luerent
776 1328 890 1380 damnat

258 1398 308 1449 515
319 1396 456 1448 Dividitur
466 1395 556 1460 miler3
567 1396 706 1464 Fabioque
718 1399 890 1464 equitumque

318 1466 436 1533 Imperia
447 1471 598 1532 aequantur
608 1468 724 1534 penitus.
746 1466 890 1528 Cernebat,

319 1536 424 1586 Irarum
435 1535 540 1597 senior,
550 1550 664 1604 magnas
675 1552 709 1587 ne
719 1536 851 1603 penderet
863 1536 888 1586 al

319 1605 428 1657 Erroris
439 1619 541 1671 poenas
552 1607 642 1673 patria
650 1606 817 1667 inconsulta,
830 1607 889 1656 timr

319 1676 356 1726 Ae
369 1680 439 1738 tum,
462 1675 548 1726 multa
566 1681 665 1742 putans
686 1690 792 1737 secum,
812 1682 842 1725 ut
865 1691 889 1727 rr

791 1745 873 1806 Urbe,

260 1810 311 1861 52⁰
323 1813 444 1865 Partitur
456 1815 545 1866 socias
555 1816 640 1876 vires,
651 1815 739 1864 vicino
748 1815 889 1880 propinqui

321 1879 404 1949 Signa
413 1884 483 1948 iugis
492 1882 580 1944 locut,
593 1887 621 1933 et
631 1883 742 1949 specula
752 1883 872 1934 sublimis
883 1899 888 1933 ε

319 1949 380 2001 Non
392 1950 515 2000 Romana
525 1951 611 2001 minus
623 1960 728 2015 serrat,
742 1967 821 2018 quam
834 1953 888 2003 Pur

318 2018 376 2069 Nec
386 2032 477 2068 mora:
488 2018 602 2070 disiecto
613 2021 716 2071 Minuci
727 2022 857 2072 vecordia
867 2040 888 2071 va

318 2084 455 2137 Perdendi
467 2087 546 2138 simul
558 2096 587 2139 et
598 2091 726 2154 pereundi
739 2091 853 2142 ardebat
864 2107 888 2142 ar

258 2154 310 2205 525
322 2155 409 2216 Quem
423 2160 567 2223 postquam
577 2158 701 2223 rapidum
713 2160 781 2210 vidit
795 2175 887 2226 procer

318 2223 390 2274 Hine
410 2221 512 2290 Libye,
533 2223 595 2276 hine
610 2226 723 2292 Fabius;
742 2230 820 2280 simul
841 2245 887 2281 aec

808 2313 872 2350 aces

318 2362 348 2411 lu
359 2360 478 2413 subitum
488 2377 578 2413 curas.
602 2363 724 2432 Propere
735 2314 834 2434 capdre
844 2383 887 2419 arr

318 2428 423 2489 Edicit,
434 2429 552 2498 vallique
561 2438 637 2484 tenet
647 2437 791 2488 munimine
802 2442 886 2489 turma

308 2497 460 2551 Ausonius.
481 2498 608 2573 Torquet
617 2506 886 2571 totaeinproeirari

233 2565 292 2620 530
298 2567 471 2627 Poenorum
485 2572 609 2642 ductor,
619 2574 810 2648 propeiiitque
819 2572 886 2636 eqni
