1920 2962
211 141 464 197 runrcouum
487 145 569 197 nin.
594 128 668 199 x1v.
766 147 814 202 nst

76 263 206 332 Invigilat
218 265 314 326 cautis,
326 263 445 315 frontem
456 264 664 330 imperterritus,
676 268 770 319 armies

76 334 115 384 Et
125 334 208 386 struit
219 348 320 385 arcana
330 335 465 401 necopina
475 334 596 399 pericula
606 350 680 388 cura.

76 402 159 453 Haud
173 417 252 455 secus
264 403 376 454 Eridani
387 404 490 471 stagnis
502 404 595 468 ripaue
607 405 715 470 Caystri

77 472 190 522 innatat
201 473 277 523 albus
289 472 357 533 elur,
369 487 511 539 pronoque
521 473 659 525 immobile
671 489 770 540 corpus
825 473 877 526 1⁹0

76 540 135 590 Dat
145 539 237 602 fluvio,
249 547 277 593 et
287 542 401 608 pedibus
412 543 511 593 tacitus
522 543 655 609 eremigat
664 543 760 594 undas.
825 591 828 597 .

76 610 195 673 interea,
206 610 269 660 dum
278 613 385 662 incerta
394 611 469 662 labat
479 613 616 663 sententia
627 612 735 674 clausis,

75 678 170 729 Exciti
181 680 272 745 populi
285 686 366 747 etque
377 681 459 732 urbes
470 682 547 731 socia
557 695 634 730 arma
643 680 780 732 ferebant:

76 749 240 800 incumbens
250 750 381 800 Messana
390 749 472 812 fretu,
483 751 676 817 minimumque
686 751 795 801 revulsa

74 817 206 869 Discreta
216 818 304 880 ltalia,
318 824 399 885 atque
411 820 484 869 Osco
494 819 678 869 memorabilis
691 825 766 871 ortu:
826 818 874 868 195

74 887 147 937 Tum
161 889 273 950 Catane,
283 888 395 938 nimium
406 887 512 938 ardenti
523 889 612 937 vicina
624 886 769 954 Typhoeo,
864 923 866 927 -

72 957 111 1006 Et
121 971 268 1023 generasse
280 957 345 1008 Pius
356 957 493 1024 quondam
505 957 683 1008 celeberrima
692 958 813 1018 Fratres,

72 1025 119 1088 Et,
132 1028 176 1076 cui
188 1041 242 1076 non
252 1026 357 1076 licitum
367 1026 441 1089 fatis,
456 1028 608 1089 Camarina,
619 1029 731 1079 moveri.

73 1095 165 1156 Tum,
188 1110 258 1162 quae
279 1097 416 1147 nectareis
436 1100 519 1146 vucat
539 1095 573 1146 ad
595 1102 733 1147 certamen
753 1097 813 1162 lly-

550 1170 665 1226 mettun,

70 1232 170 1286 Audax
181 1230 283 1295 Hybla,
295 1230 374 1293 lavis,
384 1231 545 1299 palmaeque
557 1233 670 1284 arbusta
680 1231 799 1285 Selinus=
824 1235 875 1283 2⁰⁰

71 1303 119 1363 Et,
132 1302 198 1351 iusti
209 1300 345 1368 quendam
355 1307 461 1368 portus,
473 1318 544 1353 nunc
553 1303 634 1355 litore
645 1303 704 1354 sulu

72 1370 230 1423 Subsidium
241 1371 352 1421 infidum
365 1370 531 1440 fugientibus
543 1387 672 1440 aequora,
684 1373 769 1439 Myle.

72 1440 196 1494 Necnon
208 1439 278 1491 altus
289 1441 375 1507 Eryx,
386 1457 501 1494 necnon
515 1449 543 1492 et
553 1445 656 1494 vertice
668 1443 741 1494 celso

74 1511 248 1576 Centuripae,
258 1510 390 1578 largoque
402 1514 492 1564 virens
504 1512 614 1563 Entella
624 1512 731 1578 Lyaeo,

73 1580 191 1642 Entella,
204 1580 345 1630 Hectoreo
356 1580 484 1631 dilectum
495 1596 594 1632 nomen
606 1582 729 1632 Acestae.
824 1577 874 1630 2⁰5

73 1647 134 1700 Nun
147 1647 284 1714 Thapsus,
296 1663 350 1698 non
361 1663 376 1699 e
388 1650 499 1700 tumulis
510 1651 670 1716 glacialibus
681 1653 768 1701 Acrae
912 1670 914 1672 ·

72 1717 241 1769 Defuerunt:
253 1715 812 1784 Agathyrnamanns,gentinuquchacune

73 1788 211 1854 Tyndaris
224 1786 352 1838 attollens
363 1800 424 1838 sese
436 1785 531 1836 affluit
559 1786 636 1836 Alter
647 1801 779 1852 equorum

72 1857 148 1909 Mille
159 1859 231 1924 rapit
246 1862 378 1917 turmam,
398 1861 480 1922 atque
495 1852 643 1905 hinnitibus
660 1869 725 1904 aera
739 1852 813 1903 llum-

550 1930 615 1985 mat,

73 1995 237 2047 Pulveream
248 1995 359 2044 volvens
370 1996 491 2061 Agragas
504 1993 538 2044 ad
549 1994 641 2044 inania
652 1992 758 2043 nubem.
825 1994 875 2041 210

73 2065 183 2116 Ductor
196 2062 338 2131 Grosphus
350 2071 417 2126 erat,
429 2065 505 2114 cuius
516 2063 624 2114 caelata
634 2063 748 2129 gerebat

75 2135 198 2184 Taurum
210 2148 305 2200 parma
317 2139 437 2194 trucem,
454 2147 560 2198 poenae
576 2147 753 2183 monumenta
768 2146 812 2183 ve·

549 2207 649 2253 tustae.

73 2272 131 2334 llle,
142 2272 188 2321 ubi
200 2276 320 2322 torreret
330 2271 460 2322 subiectis
472 2286 589 2340 corpora
599 2270 724 2332 dammis,

72 2341 202 2392 Mutabat
213 2343 330 2408 gemitus
340 2341 500 2408 mugitibus:
512 2348 628 2409 actaque
638 2356 718 2391 veras

73 2410 193 2461 Credere
206 2415 266 2460 erat
277 2409 390 2461 stabulis
401 2415 524 2461 armenta
536 2410 675 2461 effundere
686 2422 777 2459 voces.
823 2408 873 2457 215

72 2479 157 2528 Haud
167 2480 276 2544 impune
288 2479 408 2546 quidem:
420 2494 481 2531 nam
493 2479 569 2529 dirue
583 2477 709 2529 conditur
720 2477 786 2528 artis

71 2548 136 2614 lpse
147 2562 196 2598 suo
208 2550 327 2600 moriens
338 2550 463 2616 immugit
474 2546 564 2598 flebile
575 2552 665 2598 tauro.

71 2614 170 2676 Venit,
183 2617 217 2667 ab
227 2633 306 2670 anrne
317 2616 429 2672 trahens
441 2633 561 2683 nunren,
576 2616 667 2683 dela,
679 2617 827 2668 reditibu-

558 2691 661 2754 laesa,
