1920 2962
106 160 361 215 PUNICORUM
389 164 470 216 LIB.
489 167 562 218 Vlll.
658 167 710 220 16⁷

46 296 129 333 umen
141 284 259 348 patrium
268 283 385 350 spondet
394 286 499 335 maiora
510 287 637 352 peractis.

46 357 113 402 ntur
125 354 215 414 sinna,
227 366 260 402 ac
270 352 340 403 Diva
350 353 467 405 ducente
477 360 601 420 petamus

46 426 121 472 stum
133 391 288 489 Pbrygrbus
298 422 440 474 Diomedis
450 425 559 474 nomine
570 439 703 492 campum.

46 505 97 558 qne
108 491 196 557 Arpos
206 490 321 541 tendunt
331 493 450 543 instincti
463 498 578 559 pectora
588 493 682 556 Poeni,

46 559 532 626 ixusraptoplebeiimuuerisostro,
719 566 769 616 245

46 629 129 678 itiam
140 629 246 680 Rostris
259 631 360 694 Varro,
371 631 527 700 ingentique
538 632 632 682 ruinae

46 713 116 748 'naus
129 700 235 764 aperire
244 699 348 762 locum,
360 699 418 751 iata
428 699 557 751 admovet
568 700 640 751 Urbi.

46 782 57 817 e
67 766 106 816 illi
118 768 175 818 sine
185 768 246 818 luce
257 783 355 835 genus,
368 769 532 836 surdumque
543 777 685 836 parentum

46 852 89 898 en,
102 842 129 887 et
139 837 285 888 immodice
295 837 421 888 vibrabat
430 838 458 888 in
469 853 516 889 oro
528 853 630 889 canoro

46 921 80 956 ua
90 920 201 972 procax.
229 907 302 956 Hinc
313 912 409 957 auctus
421 922 500 973 opos,
511 907 657 977 largusque
668 924 709 959 ra·
735 976 750 1027 ⁵

445 977 524 1042 pinae
718 979 733 1027 2
752 978 769 1027 0

46 1059 68 1093 ra
78 1043 141 1094 dum
153 1045 225 1111 tulgi
236 1043 325 1106 foret,
338 1045 510 1113 oblatratque
522 1044 667 1113 Senatum

46 1128 91 1162 um
104 1114 132 1161 iu
144 1118 273 1181 quassata
282 1113 360 1164 bellis
372 1121 454 1180 eaput
465 1115 563 1165 extulit
573 1116 650 1179 urbe,

48 1188 141 1232 cutum
152 1186 182 1231 ut
193 1196 283 1232 rerum
295 1188 324 1232 et
334 1181 384 1232 tati
394 1182 467 1233 foret
478 1184 581 1235 arbiter
591 1200 669 1248 unus,

46 1252 201 1301 conservari
212 1250 322 1301 Latium
333 1252 438 1303 victore
448 1253 572 1319 puderet.

46 1320 163 1370 :Fabios
174 1321 259 1384 inter,
272 1327 434 1389 sacrataque
446 1324 557 1373 nomina
567 1323 650 1374 Marti
717 1325 767 1377 255

47 1389 127 1451 adas,
137 1391 261 1457 interque
272 1392 329 1441 lovi
340 1391 427 1458 spolia
439 1391 495 1442 alta
505 1391 637 1444 ferentem

46 1459 143 1521 ellum,
155 1458 233 1510 fastis
243 1460 332 1511 labem
343 1460 473 1528 suffragia
485 1477 568 1512 caeca

46 1527 150 1590 lerant,
163 1530 321 1597 Cannasque
333 1530 433 1580 malurn
445 1531 554 1581 exitiale
565 1530 677 1582 fovebat

47 1604 105 1659 tus,
118 1603 146 1648 ct
158 1597 242 1649 Graio
254 1599 388 1650 funestior
399 1614 518 1666 aequore
531 1615 651 1667 canipus.

47 1703 54 1728 ‚
64 1671 95 1716 ut
105 1668 246 1718 turbarum
256 1675 345 1731 sator,
359 1674 440 1735 atque
447 1669 597 1719 accendere
609 1670 704 1720 sollers
716 1669 766 1721 250

46 1738 114 1799 iarn,
126 1751 279 1805 pravusque
289 1743 385 1804 togae,
398 1738 438 1786 sic
448 1737 543 1786 debilis
555 1742 614 1787 arte

46 1821 119 1873 gera,
130 1807 302 1873 Martemque
314 1807 388 1855 rudis
398 1819 517 1865 versare,
530 1819 580 1854 uec
591 1805 646 1856 ullo

46 1879 115 1926 tatus
127 1874 216 1938 ferro,
227 1875 320 1943 lingua
330 1873 460 1941 sperabat
470 1873 544 1923 adire

46 1949 133 1995 rxtrae
144 1946 228 1996 decus
234 1982 242 2008 ,
254 1950 336 2012 atque
347 1959 362 1994 e
372 1944 478 1993 Rostris
488 1941 560 1993 bellu
571 1942 668 1993 ciebat.

54 2014 160 2077 alacer,
178 2015 345 2082 Fabiumque
358 2027 452 2064 rnorae
466 2013 631 2079 increpitare
644 2028 705 2079 pro·

441 2081 538 2144 fessus,
716 2081 766 2134 265

46 2154 127 2222 rigum
136 2155 163 2203 in
175 2153 272 2204 Patres
283 2159 311 2204 et
323 2153 433 2204 orantia
442 2151 526 2202 rerba
536 2150 651 2202 ferebat.

60 2237 176 2291 quorum
190 2223 333 2289 imperium
355 2228 410 2284 est,
427 2221 526 2272 Consul
547 2227 696 2287 praecepta

440 2290 604 2357 modumque

46 2361 90 2412 ndi
100 2375 194 2427 posco.
214 2358 351 2421 sedeone,
362 2375 396 2409 an
405 2360 542 2410 montibus
554 2374 625 2419 erro,

46 2445 152 2482 mecum
160 2429 293 2481 Garamas
304 2434 332 2479 et
342 2427 453 2480 adustus
466 2441 583 2493 corpora
593 2427 707 2479 Maurus

46 2502 72 2551 it
82 2497 208 2551 ltaliaml
224 2500 264 2549 An
277 2497 365 2559 ferro,
377 2512 430 2563 quo
441 2497 563 2564 cingitis,
573 2494 655 2547 utori
716 2494 767 2548 2⁴1⁰

49 2570 90 2632 di,
101 2568 172 2620 bone
184 2568 330 2633 Dictator,
342 2565 408 2636 quid
419 2564 638 2635 blartiapie‘oes

46 2641 110 2688 r'tet.
131 2638 202 2691 Pelii
214 2636 642 2711 Libyasfflornanquslersn

52 2706 139 2758 iubet.
159 2708 235 2766 Num
249 2713 408 2780 festinant,
424 2729 503 2785 qnos
511 2704 765 2781 plurimam&
