1920 2962
140 198 173 249 80
331 195 359 243 C.
389 191 492 242 SlLll
519 189 684 241 irnLlcl

139 319 217 367 Haec
227 316 324 380 ignara
333 313 393 369 viri,
403 325 544 376 vacuoque
561 319 671 358 assueta
683 307 774 367 cubili,

140 387 248 439 Venatu
260 389 288 431 et
299 381 371 431 silvis
384 382 485 445 primos
499 376 660 427 defenderat
673 392 770 427 annos:

95 455 129 504 to
141 453 202 504 Nun
215 448 329 502 calathis
340 449 444 499 mollita
454 463 563 506 manus,
576 452 724 510 operataue
734 444 806 506 hiso,

141 523 316 586 Dictynnam,
328 519 454 578 etsaltus,
465 523 494 566 et
500 512 625 564 anhelum
635 512 774 578 impellere
785 513 881 580 planta

141 590 331 656 Cornipedem,
345 603 377 638 ae
389 587 518 637 stravisse
530 582 602 633 ieras
613 583 723 632 immitis
743 582 863 633 errabat.

142 661 242 721 Quales
254 656 399 707 Threiciae
408 652 558 719 Rhodopen
566 652 749 717 Pangaeaque
760 652 883 701 lustrant

140 728 251 779 Saxcrsis
263 742 376 776 nemina
388 723 443 775 alta
455 724 535 790 iugis,
547 736 681 787 mirsuque
692 720 810 786 fatigant

98 800 130 846 75
143 799 265 849 Hebrum
275 800 389 861 innupta
399 808 502 845 manus.
533 791 624 858 Spreti
636 791 813 855 Ciconesque,
825 788 881 840 Ge·

614 866 722 925 lacque,

140 937 176 985 Et
187 934 270 984 Rhesi
281 935 386 992 domus,
398 938 426 980 et
437 931 536 978 lunatis
546 929 673 978 Bistones
685 929 775 978 armis.

142 1004 215 1069 Ergo
227 1000 321 1049 habitu
331 1000 443 1064 insignis
456 999 555 1061 patrio,
567 997 682 1062 religata
692 995 821 1046 liuentem

141 1070 323 1135 Hesperidum
335 1068 407 1117 durno
420 1067 531 1125 crinem,
543 1065 723 1132 dextrumque
734 1064 821 1116 feroci

140 1139 221 1189 Nuda
232 1139 304 1188 latus
315 1137 413 1197 Marti,
425 1150 457 1184 ac
468 1134 617 1200 fulgentem
630 1137 747 1201 tegmine
758 1135 866 1185 laevam

99 1213 131 1260 Sl)
143 1203 396 1258 Thermodontiaca
406 1204 510 1254 munita
519 1205 546 1252 in
558 1204 661 1269 proelia
672 1204 755 1270 pelta,

141 1279 304 1328 Fumantem
314 1273 416 1339 rapidis
426 1272 566 1339 quatiebat
577 1273 700 1323 cursibus
712 1287 800 1323 axem.

142 1347 211 1396 Pars
223 1345 352 1393 comitum
363 1342 455 1408 biiugo
468 1356 563 1404 curru,
574 1358 637 1407 pars
649 1349 744 1393 cetera
753 1342 836 1391 dorso

143 1416 243 1465 Fertur
255 1413 329 1478 equi3
349 1426 400 1460 nec
410 1426 463 1460 non
471 1411 645 1461 Vencrlsianr
657 1411 771 1462 foedera
781 1424 882 1476 passae

141 1484 273 1549 Reginam
287 1482 411 1546 cingunt:
431 1479 478 1529 sed
489 1481 593 1547 virgine
604 1481 715 1531 densior
727 1478 770 1530 ala
780 1485 831 1529 est.

101 1552 133 1602 85
145 1554 209 1617 Ipsa
220 1556 321 1611 autem,
332 1549 459 1616 gregibus
469 1550 610 1617 perlonga
620 1551 738 1616 nrapalia
748 1549 845 1608 lectos,

143 1623 211 1670 Ante
222 1620 308 1670 aciem
321 1619 478 1669 ostentabat
488 1634 585 1685 equos:
601 1618 759 1685 tumuloque
769 1619 881 1683 propin-

635 1702 680 1747 uo,

144 1759 215 1809 Dum
227 1760 349 1826 sequitur
360 1760 436 1826 gyris
448 1773 582 1824 campum,
594 1704 701 1805 rihrata
712 1768 761 1820 per
772 1767 854 1804 auras

145 1826 256 1894 Spicula
267 1835 449 1896 contorquens
459 1842 565 1877 summa
574 1825 695 1892 ponebat
704 1825 731 1873 in
748 1836 820 1872 aree.

143 1898 232 1959 Hunc,
244 1895 323 1949 hasta
333 1902 417 1948 toties
426 1900 573 1945 intrantem
586 1896 703 1954 moenia,
715 1895 828 1957 illapsus

100 1965 133 2013 llll
144 1965 206 2015 h'on
218 1968 288 2029 tulit,
301 1975 329 2016 ct
338 1967 416 2016 celsis
428 1965 519 2012 senior
531 1962 667 2025 Gortynia
677 1962 761 2010 muris

144 2035 213 2085 Tela
225 2041 339 2086 sonante
350 2033 428 2098 fugat
438 2044 532 2088 nervo,
544 2029 714 2095 liquidasque
725 2044 775 2095 per
785 2044 866 2081 auras

145 2104 247 2171 Dirigit
257 2104 359 2169 aligero
371 2099 464 2150 letalia
474 2098 585 2147 vulnera
598 2096 680 2146 ferrer.

148 2174 213 2222 Cres
225 2177 293 2231 erat,
305 2169 438 2219 aerisonis
449 2168 576 2216 Curetum
590 2166 720 2218 advectus
731 2168 765 2218 ab
782 2170 883 2229 antris,

144 2241 276 2290 Dictaeos
289 2239 393 2303 agitare
405 2250 473 2302 puer
483 2236 629 2285 levioribus
642 2239 717 2286 annis

101 2309 134 2358 95
147 2309 271 2358 Pennata
280 2306 365 2355 saltus
376 2310 501 2354 assuetus
513 2305 643 2356 arundine
654 2307 777 2372 Mopsus.

145 2377 192 2426 llle
204 2390 301 2441 vagam
314 2373 391 2424 coelo
402 2374 493 2423 elusit
504 2389 585 2440 saepe
596 2375 749 2438 volucrem3

143 2445 192 2495 llle
204 2443 298 2509 procul
310 2457 407 2508 campo
418 2443 581 2509 linquentem
595 2447 665 2495 retia
677 2458 786 2495 cervam

144 2513 265 2564 Vulnere
276 2512 406 2562 sistebat:
424 2520 568 2578 rueretque
578 2515 689 2579 inopina
700 2513 748 2562 sub
765 2514 823 2562 ictu

144 2585 214 2632 Ante
225 2580 286 2631 fera
296 2583 422 2641 incauto,
434 2597 513 2648 quarn
526 2583 604 2632 sibila
615 2588 730 2648 poneret
743 2596 830 2631 arcus.

76 2651 244 2703 AooNeeee
255 2658 312 2702 tum
325 2649 582 2720 pharetraiuetarit
590 2653 688 2701 iustius
701 2651 768 2710 ulla,

127 2721 202 2773 Eois
213 2739 379 2796 quanquam
391 2730 486 2778 certet
499 2722 635 2787 Gortyna
644 2718 766 2783 sagittis.
