1920 2962
171 202 224 254 150
365 202 395 252 G.
424 199 528 252 SlLll
555 199 718 252 tuamet

174 320 276 383 Dicite,
288 321 341 383 ait,
354 334 424 387 quae
437 334 520 370 eausa
530 317 609 369 viaet
629 319 723 386 quisve
735 335 790 373 ora
800 336 890 393 repen

169 391 296 441 Pervasit
305 387 410 456 pallorl
421 390 475 441 cur
484 389 555 439 seire
565 387 658 438 futura
667 387 774 441 libido!

169 458 210 509 Ad
222 474 292 526 quae
303 458 474 525 Cymodoce,
486 453 675 523 Nympharum
685 458 812 511 maxima
821 468 890 515 natu

171 527 313 591 Italidum,
324 525 404 578 Nosti
415 531 524 577 nostros
530 562 539 589 ,
550 540 697 593 praesage,
707 526 839 581 timores.

110 596 162 648 43⁰
174 597 245 659 Quid
255 598 360 663 Tyriae
373 596 490 657 classes,
502 600 653 660 ereptaque
662 592 748 645 litora
757 596 842 651 nobis

170 663 358 718 Portendunti
369 663 441 716 Num
451 665 604 732 migrantur
614 660 751 715 Rhoeteia
759 680 792 717 re
834 682 853 718 a

157 738 200 805 ¹ln
211 734 330 802 Libyam
342 732 473 801 Superis?
484 734 537 784 Aut
547 731 597 784 bos
609 729 746 785 Sarranus
756 682 875 788 beffiae

170 804 271 855 Navita
278 806 333 855 iam
344 802 458 871 portus!
468 803 565 855 Patria
575 816 639 852 num
652 800 717 851 sede
728 801 848 872 fugatae

169 875 306 925 Atlantem
317 880 346 924 et
357 873 457 939 Galpen
470 878 594 923 extreme
603 868 790 923 habitabimus
802 874 891 927 anmi

109 943 159 994 435
172 945 244 992 Tum
254 944 308 1003 sic,
318 941 459 992 involvens
470 941 589 1008 repetitu
598 940 720 1004 exordia,
731 947 811 994 retro

170 1012 270 1077 lnoipit
280 1010 422 1076 ambiguus
432 1015 523 1072 vates,
535 1014 642 1060 reserat
660 1024 695 1060 ue
704 1008 811 1063 futura.

170 1077 394 1130 Laomedonteos
405 1075 528 1147 Phrygia
538 1093 600 1128 enm
611 1093 641 1129 se
662 1079 683 1128 't
692 1079 721 1128 ln
730 1079 784 1131 lda

171 1149 285 1211 Pastor,
297 1154 339 1211 et,
352 1153 476 1199 errantes
487 1147 603 1198 dumosa
613 1161 664 1213 per
673 1148 737 1199 aria
745 1152 846 1203 tauros

169 1219 274 1285 Arfflrtn
284 1231 418 1267 revocans
430 1217 465 1267 ad
475 1216 585 1267 roseida
596 1230 699 1283 pesoua
709 1231 809 1282 canna,

108 1287 160 1336 440
171 1286 280 1337 Audiuit
290 1299 386 1335 sacrae
398 1284 487 1336 lentrrs
498 1286 649 1335 certamina
656 1284 778 1337 formast

169 1356 240 1404 Tum
250 1354 345 1403 mauis
357 1368 452 1403 ourrus
464 1354 558 1404 niveos
570 1354 693 1421 agitabat
704 1353 808 1421 olores,

170 1424 310 1489 Tempora
320 1420 453 1472 sollieitus
463 1421 518 1472 litis
530 1437 667 1486 servasse,
679 1424 797 1491 Cupido.

170 1490 302 1541 Parvulas
314 1488 472 1541 exhumare
484 1498 598 1557 corytos
608 1497 637 1542 et
647 1507 747 1545 aureus
760 1510 843 1547 arom

168 1559 321 1627 Fulgebat,
333 1565 454 1627 nutuque
465 1566 561 1612 vetans
572 1561 712 1628 trepidare
721 1568 874 1681 parentem,

107 1630 160 1681 445
170 1628 346 1682 Monstrabat
354 1630 495 1697 gravidm
506 1630 568 1680 telis
579 1645 609 1681 se
619 1629 692 1682 ferre
702 1646 720 1697 p
742 1638 869 1685 aratrum.

168 1702 217 1749 Ast
228 1699 296 1750 alius
305 1700 386 1750 nivea
398 1699 525 1751 comebat
535 1698 626 1751 fronte
638 1700 766 1766 capillos;

168 1769 327 1836 Purpureos
339 1769 408 1820 alius
418 1770 502 1821 vestis
513 1768 649 1837 religabat
659 1769 790 1821 amictus:

169 1841 236 1890 Cum
247 1842 287 1892 sio
298 1841 437 1906 suspirans
449 1852 531 1890 roseo
542 1838 635 1890 Venus
647 1852 695 1889 ore
705 1838 826 1893 decoros

167 1909 319 1976 Alloquitur
328 1914 420 1958 natos:
433 1909 525 1959 Testis
537 1908 689 1959 certissima
699 1916 810 1961 vestrae

106 1977 158 2028 450
168 1979 242 2027 lloce
253 1977 311 2026 dies
321 1977 432 2041 pietatis
444 1977 530 2027 adest
551 1977 618 2037 Quis
629 1976 742 2027 eredere
754 1979 837 2030 salvis

166 2047 230 2095 llos
241 2046 313 2094 ausit
322 2043 418 2095 robis?
429 2044 463 2095 de
473 2044 563 2096 forma
574 2051 656 2111 atque
666 2059 714 2096 ore
725 2047 804 2114 (quid
815 2047 881 2099 ultr·

166 2116 223 2164 lam
236 2119 362 2179 superest
372 2112 492 2177 reruml)
503 2114 700 2166 uertatVenus.
713 2112 892 2184 Omniaparrlt

166 2180 195 2232 Si
205 2196 267 2231 mea
278 2182 334 2232 telo
343 2183 404 2233 dedi
415 2183 515 2233 blando
527 2183 664 2234 medioata
673 2198 789 2249 veneno,

167 2249 196 2300 Si
206 2254 311 2312 vester,
323 2252 401 2302 coelo
414 2254 537 2304 saterris
548 2255 592 2320 qui
604 2252 719 2304 foedera
728 2256 828 2318 sancit,

106 2320 157 2370 455
170 2317 232 2370 Stat
243 2321 372 2385 supplex,
385 2336 447 2370 oum
457 2320 553 2384 vultis,
565 2338 644 2384 arus,
655 2323 774 2374 viatoria
784 2328 876 2375 noem

167 2390 277 2457 cypron
288 2389 431 2440 idumaeas
442 2389 546 2440 referat
557 2391 591 2442 de
601 2389 714 2442 Pallade
724 2393 844 2458 palmas3

164 2457 208 2509 lle
219 2460 323 2509 lunone
334 2456 445 2525 Paphos
457 2465 565 2510 eentum
576 2459 642 2511 nubi
653 2460 740 2511 brmet
750 2462 778 2512 in
789 2462 852 2513 aris.

163 2528 292 2595 Dumque
302 2525 347 2577 bie
359 2529 468 2596 aligeris
478 2530 564 2579 instat
574 2527 725 2595 Cytherea,
736 2530 855 2582 sonabat

157 2597 249 2650 Omne
261 2612 360 2651 nemus
371 2597 596 2670 gradientelbea.
608 2598 778 2650 iambelliea
786 2601 870 2667 virgo,

80 2666 136 2718 400
145 2669 262 2740 Aegide
274 2668 429 2742 deposita,
441 2669 681 2737 nequeuntem
688 2665 797 2713 eunde
804 2668 892 2713 mum

136 2740 259 2796 lnrolvi
275 2750 341 2799 tum
354 2749 458 2800 eomta
466 2729 867 2796 tamempaeemuuesereme
