1920 2962
223 174 487 239 'Punicorum
512 186 593 238 ura.
615 186 649 238 x.
761 188 812 242 ees

74 307 234 370 Occumbit3
245 306 392 374 fratrisque
403 306 478 356 videt
486 306 606 356 labentia
616 308 739 359 membra

74 378 246 440 Quercentis,
258 391 337 444 quem
348 375 431 426 hunda
441 374 536 442 procul
548 377 686 440 perinane
698 379 792 429 voluta

72 444 211 512 Sopierat,
223 445 287 496 dum
297 460 450 511 supremam
463 443 606 494 Telesinus
616 446 644 495 in
657 460 737 498 auras

70 513 192 567 Exhalat
201 514 298 575 lucem,
309 521 337 565 et
347 514 500 564 dubitantia
509 512 610 564 lumina
621 513 722 565 condit.

70 585 107 635 At
116 582 207 634 fessus
216 598 340 634 maerore
351 580 439 643 simul,
451 596 594 649 cursuque,
606 588 744 650 metuque,
819 584 870 636 leo

72 653 110 704 Et
120 658 213 704 tamen
221 651 293 703 haud
304 653 361 702 irae
371 667 482 713 vacuus,
494 667 550 702 non
559 659 637 702 certa
646 667 697 718 per
707 666 811 721 aequor

70 721 212 774 Interdum
222 723 350 772 insistens
359 721 507 771 Perusinus
519 721 641 771 membra
652 721 772 784 ferebat;

70 791 156 842 Hunc
170 791 251 851 sude,
273 805 354 857 quam
370 798 478 856 raptam
496 789 595 855 Libyci
611 805 660 856 per
676 798 755 859 tergo
773 793 811 842 ia·

548 861 633 910 centis

68 931 196 998 Argimer
206 929 345 980 obtulerat
355 930 478 991 monstri,
490 943 572 993 super
581 929 693 995 inguina
703 929 786 981 lixum

69 1000 235 1059 Obtruncat,
248 1013 404 1065 quercuque
416 999 514 1064 premit
524 997 658 1048 violentus
671 999 777 1050 obusta.
819 1000 870 1052 too

68 1067 346 1134 '1¹entaratprecihus
358 1082 467 1118 saevum
479 1067 563 1118 lenire
577 1065 706 1128 furorem,

68 1137 126 1191 Sed
139 1137 252 1204 Stygius
262 1138 366 1203 primos
376 1135 496 1201 implerit
507 1134 599 1184 lervor
608 1133 709 1197 hiatus,

67 1209 106 1260 Et
117 1206 246 1273 pulmone
257 1211 337 1256 tenus
348 1204 456 1254 demisit
466 1201 600 1255 anhelitus
610 1204 708 1270 ignem.

67 1275 196 1329 Tandem
208 1289 269 1325 cum
279 1279 341 1324 toto
352 1273 452 1323 cecidit
461 1287 555 1340 grege,
566 1287 663 1324 nomen
673 1274 702 1323 in
708 1275 808 1327 Umbro

68 1347 190 1407 clarum,
203 1344 301 1406 Crista,
311 1343 357 1393 diu
368 1342 476 1409 populo.
514 1343 570 1393 Ceu
582 1341 692 1394 fulmine
703 1344 777 1396 colsa
818 1345 868 1397 165

66 1414 210 1475 Aesculus,
221 1419 277 1476 aut,
288 1413 398 1480 proavis
405 1413 438 1463 ab
446 1414 551 1480 origine
562 1414 681 1480 cognita,
693 1429 808 1481 quercus

69 1487 138 1536 Cum
149 1483 238 1534 fumat
248 1497 379 1550 percussa
390 1483 456 1545 lovi,
467 1497 615 1549 sacrosque
625 1497 674 1549 per
685 1498 781 1534 aevum

66 1552 205 1606 Aetherea
215 1567 307 1603 ramos
318 1552 484 1620 populantur
493 1551 596 1603 sulfure
607 1550 746 1604 flammae:

67 1625 166 1676 Donec
176 1623 250 1674 victu
261 1621 321 1673 Deo
332 1621 388 1672 late
401 1621 564 1688 procumbit,
576 1628 605 1671 et
616 1636 725 1673 onmem

68 1691 214 1745 collabens
226 1692 316 1758 operit
325 1693 449 1757 spatiose
461 1691 555 1756 stipite
566 1691 679 1755 prolem.
816 1692 868 1742 tte

65 1765 102 1815 At
120 1776 156 1814 ue
167 1776 201 1813 ea
211 1761 275 1812 dum
284 1761 363 1812 iuxta
376 1761 478 1825 Tyrius
490 1765 588 1825 stagna
598 1757 697 1807 Aufida
708 1757 806 1809 ductor

65 1833 115 1885 Μο
128 1832 190 1893 'trrr,
200 1830 321 1892 Paullus,
332 1843 479 1881 numerosa
489 1827 574 1876 caede
585 1825 705 1876 luturnm

66 1901 146 1954 Ultus
156 1901 211 1953 lam
221 1906 347 1961 mortem,
359 1913 411 1949 ceu
420 1898 510 1947 victor
518 1895 591 1946 bella
600 1894 715 1963 gerebat

66 1973 143 2023 lnter
152 1969 226 2022 mille
235 1971 318 2020 viros.
346 1968 423 2019 lacet
432 1968 528 2034 ingens
539 1963 665 2032 Phorcys
677 1966 711 2016 ab
723 1966 807 2018 nntris

66 2039 223 2093 Herculeae
235 2038 341 2106 Calpes,
354 2037 476 2089 caelatus
489 2035 619 2102 Gorgone
631 2050 763 2102 parmam,
816 2035 867 2087 rte

66 2109 145 2162 Unde
155 2124 241 2177 genus
252 2109 376 2176 tristique
389 2107 466 2159 Deae
475 2105 605 2156 manahat
615 2105 701 2173 origo.

65 2179 140 2230 lllnc
152 2178 336 2229 obiectantem
347 2190 408 2228 sese
419 2183 501 2243 atque
512 2176 624 2243 antiqua
633 2179 784 2226 tumentem

65 2247 186 2300 Nomina
196 2246 327 2298 mxillcae
338 2251 495 2296 monstrnsn
506 2261 522 2297 e
533 2246 619 2312 stirpe
629 2244 770 2306 Medusae,

65 2317 140 2369 Dum
149 2316 258 2368 laesum
270 2316 340 2382 petit
348 2315 508 2366 incumbens
518 2314 663 2366 violentius
674 2315 783 2380 inguen,

65 2384 207 2448 Detrahit,
218 2384 320 2436 excelsi
331 2389 486 2450 correptum
497 2385 601 2435 vertice
612 2383 683 2443 coni,
816 2383 868 2434 18⁰

66 2454 259 2522 Afflictumque
268 2468 404 2520 premens,
413 2458 494 2520 tergo
505 2468 559 2520 quu
568 2452 677 2503 balteus
685 2452 741 2502 imo

65 2523 208 2586 sinuatur,
222 2537 345 2590 coxaque
357 2521 435 2573 sedet
445 2523 581 2573 munimen
592 2525 722 2586 utruque,

66 2596 201 2647 coniecto
211 2592 283 2644 ledit
291 2606 357 2645 cnse
368 2607 466 2662 super:
475 2591 625 2645 vomitille
634 2589 783 2643 exuentem

61 2662 208 2746 engeren
218 2661 366 2719 effundens
377 2680 429 2736 per
440 2662 558 2720 hiantia
566 2661 810 2718 macerantem
884 2692 943 2751 ω

55 2729 481 2796 senatusconsultorum
494 2738 610 2796 accola
621 2743 767 2798 campet·
