1920 2962
214 170 468 225 Punicorum
498 173 578 224 LlB.
608 174 641 226 V.
759 173 809 225 113

64 295 103 344 At
113 289 176 342 mihi
187 290 349 354 Flaminius,
361 298 418 343 tam
428 294 526 343 maesti
533 308 617 344 causa
627 293 738 354 doloris,

62 363 159 416 Morte
171 375 220 411 sua
229 360 335 411 minuet
343 361 440 412 luctus.
459 362 538 412 llaec
549 376 650 428 pompa
661 367 789 428 sequetur
816 361 867 412 601

63 431 234 498 Exsequias,
245 445 361 497 seroque
372 437 474 481 emtum
483 431 559 481 volet
568 432 652 497 impia
662 432 757 489 Roma,

62 501 129 553 Non
140 500 258 550 violasse
268 500 322 549 mei
334 515 433 566 corpus
444 514 575 551 mucrone
586 498 714 566 Sychaei.

62 569 113 622 Sic
123 583 278 620 memorans
289 574 399 636 torquet
404 568 553 620 fumantem
565 584 600 620 ex
611 582 806 635 oreraporem,

62 642 165 706 Iraque
176 635 332 689 anhelatum
344 638 489 705 proturbat
498 645 611 706 pectore
623 653 758 689 murmur:

62 711 102 761 Ut
112 708 198 758 multo
212 709 335 758 accensis
346 706 455 759 fervore
466 709 599 760 exuberat
610 708 698 769 undis,
816 708 866 758 615

63 779 181 830 Clausus
191 775 238 827 ubi
249 782 347 827 exusto
359 777 448 843 liquor
458 777 616 844 indignatur
627 792 705 828 aeno.

62 850 138 899 Tum
149 860 282 912 praeceps
292 847 348 896 11111
357 847 385 895 in
396 845 515 908 medios,
527 845 669 913 solumque
682 845 783 913 fatigat

60 916 226 970 Flaminium
236 916 389 966 incessens:
401 930 452 966 nec
464 914 540 966 dioto
550 917 659 983 segnius
666 916 711 966 ille

60 985 143 1038 Bella
153 985 327 1050 capessebat,
339 985 504 1052 propiorque
513 986 654 1053 insurgere
666 985 778 1035 Mavors

62 1057 215 1122 Coeperat,
225 1059 254 1105 et
264 1069 361 1120 campo
371 1055 480 1104 iunctus
489 1055 544 1104 iam
557 1055 650 1104 stabat
661 1059 790 1120 uterque3
815 1052 864 1103 610

61 1126 133 1177 Cum
143 1123 250 1174 subitus
259 1137 308 1189 per
318 1137 386 1173 saxa
397 1122 504 1190 fragor,
515 1125 637 1190 motique
647 1129 759 1189 repente

60 1192 264 1257 (Horrendum)
276 1192 374 1254 colles,
386 1197 415 1242 et
424 1207 530 1243 summe
542 1193 684 1242 cacumina
694 1193 760 1243 totis

59 1265 231 1315 intremuere
241 1262 327 1328 iugis3
339 1267 436 1312 nutant
446 1263 474 1312 in
484 1263 587 1313 vertice
597 1262 680 1313 silvae

59 1330 199 1392 Piniiero,
212 1329 371 1398 fractaeque
381 1337 464 1383 ruunt
475 1347 557 1398 super
568 1333 676 1399 agmina
687 1346 778 1398 rupes.

58 1401 188 1468 immugit
199 1401 306 1466 penitus
317 1401 514 1452 convulsisima
523 1403 645 1452 cavernis
812 1399 863 1451 615

59 1469 206 1522 Dissiliens
216 1468 312 1532 tellus,
323 1485 373 1520 nec
383 1485 483 1536 parvos
493 1472 594 1536 rumpit
604 1468 707 1521 hiatus:

60 1542 151 1608 Atque
161 1537 271 1589 umbras
281 1538 337 1590 lete
349 1537 400 1604 Sty
421 1541 461 1590 ’es
471 1541 604 1591 immensa
613 1555 717 1606 vorago

58 1608 199 1662 Faucibus
210 1607 331 1658 ostendit
341 1613 407 1675 patu
419 1610 424 1621 '
447 1624 612 1676 3manesque
626 1608 752 1675 profundi

59 1678 207 1746 Antiquum
218 1690 354 1743 expavere
364 1677 444 1727 diem.
463 1677 555 1728 Lacus
567 1683 640 1737 ater,
650 1679 677 1726 in
688 1677 758 1727 altos

59 1746 192 1807 Sublatus
203 1752 311 1796 montes
322 1751 350 1795 et
361 1746 426 1796 sede
438 1760 568 1796 excussus
581 1747 666 1806 atita,
812 1745 862 1794 620

58 1817 145 1868 Lavit
156 1813 317 1881 Tyrrhenas
327 1816 424 1880 ignote
435 1815 579 1880 aspergine
590 1813 679 1863 silvas.

58 1887 175 1954 lamque
187 1884 284 1937 eadem
296 1883 411 1949 populos
425 1897 639 1950 magnorumque
651 1882 752 1948 oppida
761 1897 802 1932 re·

537 1967 602 2019 gum

60 2025 228 2089 Tempestas
238 2028 267 2072 et
278 2023 337 2081 dira
347 2023 406 2073 lues
417 2024 581 2090 stravitque,
594 2021 717 2088 tulitque.

59 2095 100 2144 lle
112 2107 195 2159 super
206 2089 275 2142 haec
286 2091 366 2144 reilui
377 2097 533 2160 pugnarunt
543 2092 680 2141 montibus
692 2106 796 2153 amnes,

59 2163 99 2213 Et
109 2166 186 2213 retro
197 2160 296 2212 fluctus
306 2163 388 2212 torsit
397 2177 480 2212 mare.
501 2162 596 2212 Monte
608 2160 704 2211 relicto
738 2170 740 2175 ’
812 2160 861 2209 625

60 2230 275 2298 Apenninicolae
284 2229 379 2298 fugere
392 2231 426 2280 ad
436 2231 519 2281 litora
529 2231 623 2281 Fauni.

60 2299 209 2369 Pugnabat
219 2305 311 2350 tamen
323 2298 388 2361 (beu
397 2299 462 2350 belli
472 2298 631 2363 vecordial)
643 2299 729 2359 miles,

61 2372 186 2421 lactatus
197 2369 332 2420 titubante
343 2369 416 2431 solo,
428 2369 660 2435 tremebundaque
671 2367 734 2427 tela,

60 2438 206 2490 Subducta
216 2439 312 2489 tellure
325 2454 419 2499 ruens,
431 2439 578 2505 torquebat
587 2440 614 2488 in
626 2434 747 2498 hostem3

62 2507 162 2559 Donec
172 2506 251 2573 pulsa
261 2523 346 2576 vagos
358 2524 452 2558 cursus
464 2507 499 2557 ad
509 2507 591 2558 litora
602 2507 685 2556 vertit
813 2503 871 2550 biam

60 2577 165 2629 Mentis
174 2577 267 2642 inops,
278 2578 435 2648 stagnisque
444 2576 524 2630 illata
534 2576 708 2629 estlbaunxa
713 2572 820 2638 pubes-

63 2647 131 2706 Quis
137 2645 237 2696 Consul
247 2652 328 2717 terga
339 2650 529 2721 increpitans,
534 2647 735 2702 namturb'xne
741 2641 852 2690 monae

47 2712 155 2762 ablatis
166 2719 260 2768 terrae
270 2719 433 2790 inciderat,
446 2724 531 2790 Quid
544 2719 678 2780 deinde,
689 2709 784 2781 quiin,
794 2713 869 2753 ms

23 2828 28 2837 ,
72 2776 203 2833 eratus
223 2785 238 2836 l
245 2801 328 2846 111.
726 2777 765 2828 *l
