<?xml version="1.0" encoding="UTF-8"?>
<!DOCTYPE html PUBLIC "-//W3C//DTD XHTML 1.0 Transitional//EN"
    "http://www.w3.org/TR/xhtml1/DTD/xhtml1-transitional.dtd">
<html xmlns="http://www.w3.org/1999/xhtml" xml:lang="en" lang="en">
 <head>
  <title>
</title>
<meta http-equiv="Content-Type" content="text/html;charset=utf-8" />
  <meta name='ocr-system' content='tesseract 3.04.00' />
  <meta name='ocr-capabilities' content='ocr_page ocr_carea ocr_par ocr_line ocrx_word'/>
</head>
<body>
  <div class='ocr_page' id='page_1' title='image "./punicorumlibrix00italgoog/punicorumlibrix00italgoog_0126.png"; bbox 0 0 1920 2962; ppageno 0'>
   <div class='ocr_carea' id='block_1_1' title="bbox 140 161 689 220">
    <p class='ocr_par' dir='ltr' id='par_1_1' title="bbox 140 161 689 220">
     <span class='ocr_line' id='line_1_1' title="bbox 140 161 689 220; baseline -0.015 0"><span class='ocrx_word' id='word_1_1' title='bbox 140 168 191 220; x_wconf 78' lang='lat'>118</span> <span class='ocrx_word' id='word_1_2' title='bbox 341 165 369 215; x_wconf 84' lang='lat' dir='ltr'>G.</span> <span class='ocrx_word' id='word_1_3' title='bbox 397 161 501 214; x_wconf 82' lang='lat' dir='ltr'>lell</span> <span class='ocrx_word' id='word_1_4' title='bbox 529 162 689 213; x_wconf 74' lang='lat' dir='ltr'>lrshlcl</span> 
     </span>
    </p>
   </div>
   <div class='ocr_carea' id='block_1_2' title="bbox 81 281 887 2636">
    <p class='ocr_par' dir='ltr' id='par_1_2' title="bbox 81 281 887 2636">
     <span class='ocr_line' id='line_1_2' title="bbox 142 281 736 346; baseline -0.008 -8"><span class='ocrx_word' id='word_1_5' title='bbox 142 285 305 339; x_wconf 82' lang='lat' dir='ltr'>Vulneribus</span> <span class='ocrx_word' id='word_1_6' title='bbox 316 283 399 346; x_wconf 88' lang='lat' dir='ltr'>duris,</span> <span class='ocrx_word' id='word_1_7' title='bbox 411 299 445 334; x_wconf 84' lang='lat' dir='ltr'>ac</span> <span class='ocrx_word' id='word_1_8' title='bbox 456 281 647 344; x_wconf 85' lang='lat' dir='ltr'>(lamentabile</span> <span class='ocrx_word' id='word_1_9' title='bbox 658 281 736 346; x_wconf 70' lang='lat' dir='ltr'>usu)</span> 
     </span>
     <span class='ocr_line' id='line_1_3' title="bbox 142 350 806 422; baseline -0.005 -15"><span class='ocrx_word' id='word_1_10' title='bbox 142 356 297 422; x_wconf 85' lang='lat' dir='ltr'>Lapsantes</span> <span class='ocrx_word' id='word_1_11' title='bbox 307 352 406 404; x_wconf 84' lang='lat' dir='ltr'>fultum</span> <span class='ocrx_word' id='word_1_12' title='bbox 416 356 545 403; x_wconf 88' lang='lat' dir='ltr'>trunceta</span> <span class='ocrx_word' id='word_1_13' title='bbox 557 350 669 417; x_wconf 79' lang='lat' dir='ltr'><strong>cuspide</strong></span> <span class='ocrx_word' id='word_1_14' title='bbox 679 364 806 418; x_wconf 78' lang='lat' dir='ltr'>gressus,</span> 
     </span>
     <span class='ocr_line' id='line_1_4' title="bbox 98 421 737 483; baseline -0.014 -5"><span class='ocrx_word' id='word_1_15' title='bbox 98 427 131 477; x_wconf 82' lang='lat'>80</span> <span class='ocrx_word' id='word_1_16' title='bbox 143 425 256 478; x_wconf 82' lang='lat' dir='ltr'>Funesti</span> <span class='ocrx_word' id='word_1_17' title='bbox 265 437 375 475; x_wconf 89' lang='lat' dir='ltr'>rumore</span> <span class='ocrx_word' id='word_1_18' title='bbox 386 421 450 473; x_wconf 87' lang='lat' dir='ltr'>mali</span> <span class='ocrx_word' id='word_1_19' title='bbox 459 422 515 473; x_wconf 85' lang='lat' dir='ltr'>iem</span> <span class='ocrx_word' id='word_1_20' title='bbox 527 421 636 471; x_wconf 88' lang='lat' dir='ltr'>saucius</span> <span class='ocrx_word' id='word_1_21' title='bbox 646 434 737 483; x_wconf 90' lang='lat' dir='ltr'>aures,</span> 
     </span>
     <span class='ocr_line' id='line_1_5' title="bbox 144 489 882 608; baseline -0.001 -63"><span class='ocrx_word' id='word_1_22' title='bbox 144 493 223 557; x_wconf 77' lang='lat' dir='ltr'>Quod</span> <span class='ocrx_word' id='word_1_23' title='bbox 241 492 344 554; x_wconf 86' lang='lat' dir='ltr'>scelus,</span> <span class='ocrx_word' id='word_1_24' title='bbox 355 507 386 554; x_wconf 92' lang='lat' dir='ltr'>o,</span> <span class='ocrx_word' id='word_1_25' title='bbox 401 491 500 541; x_wconf 91' lang='lat' dir='ltr'>nimius</span> <span class='ocrx_word' id='word_1_26' title='bbox 509 491 597 551; x_wconf 85' lang='lat' dir='ltr'>ritae,</span> <span class='ocrx_word' id='word_1_27' title='bbox 612 489 780 608; x_wconf 66' lang='lat' dir='ltr'>qiimiumque</span> <span class='ocrx_word' id='word_1_28' title='bbox 797 491 882 547; x_wconf 82' lang='lat' dir='ltr'>feren</span> 
     </span>
     <span class='ocr_line' id='line_1_6' title="bbox 646 574 659 608; baseline 0 0"><span class='ocrx_word' id='word_1_29' title='bbox 646 574 659 608; x_wconf 98' lang='lat' dir='ltr'>s</span> 
     </span>
     <span class='ocr_line' id='line_1_7' title="bbox 141 626 785 699; baseline -0.006 -16"><span class='ocrx_word' id='word_1_30' title='bbox 141 633 268 683; x_wconf 81' lang='lat' dir='ltr'>Adversis</span> <span class='ocrx_word' id='word_1_31' title='bbox 278 632 387 699; x_wconf 82' lang='lat' dir='ltr'>genitus</span> <span class='ocrx_word' id='word_1_32' title='bbox 398 626 499 681; x_wconf 76' lang='lat' dir='ltr'>cernui</span> <span class='ocrx_word' id='word_1_33' title='bbox 517 629 569 690; x_wconf 84' lang='lat' dir='ltr'>Te,</span> <span class='ocrx_word' id='word_1_34' title='bbox 580 626 708 690; x_wconf 83' lang='lat' dir='ltr'>maxime,</span> <span class='ocrx_word' id='word_1_35' title='bbox 718 626 785 690; x_wconf 82' lang='lat' dir='ltr'>vl&#39;di,</span> 
     </span>
     <span class='ocr_line' id='line_1_8' title="bbox 143 693 789 766; baseline -0.009 -13"><span class='ocrx_word' id='word_1_36' title='bbox 143 703 305 762; x_wconf 86' lang='lat' dir='ltr'>Doctorum,</span> <span class='ocrx_word' id='word_1_37' title='bbox 318 715 379 751; x_wconf 90' lang='lat' dir='ltr'>cum</span> <span class='ocrx_word' id='word_1_38' title='bbox 391 699 500 766; x_wconf 86' lang='lat' dir='ltr'>captivo</span> <span class='ocrx_word' id='word_1_39' title='bbox 513 693 684 764; x_wconf 81' lang='lat' dir='ltr'>Carthaginis</span> <span class='ocrx_word' id='word_1_40' title='bbox 696 710 789 748; x_wconf 86' lang='lat' dir='ltr'>arcem</span> 
     </span>
     <span class='ocr_line' id='line_1_9' title="bbox 144 766 819 833; baseline -0.001 -12"><span class='ocrx_word' id='word_1_41' title='bbox 144 774 276 822; x_wconf 88' lang='lat' dir='ltr'>Terreres</span> <span class='ocrx_word' id='word_1_42' title='bbox 288 770 372 831; x_wconf 82' lang='lat' dir='ltr'>vultu,</span> <span class='ocrx_word' id='word_1_43' title='bbox 384 769 486 820; x_wconf 90' lang='lat' dir='ltr'>crimen</span> <span class='ocrx_word' id='word_1_44' title='bbox 497 766 658 833; x_wconf 80' lang='lat' dir='ltr'>culpamque</span> <span class='ocrx_word' id='word_1_45' title='bbox 669 767 819 831; x_wconf 78' lang='lat' dir='ltr'><strong>Tonantis,</strong></span> 
     </span>
     <span class='ocr_line' id='line_1_10' title="bbox 99 832 874 906; baseline 0 -14"><span class='ocrx_word' id='word_1_46' title='bbox 99 841 133 892; x_wconf 76' lang='lat'>85</span> <span class='ocrx_word' id='word_1_47' title='bbox 146 841 294 903; x_wconf 74' lang='lat' dir='ltr'>Occidere,</span> <span class='ocrx_word' id='word_1_48' title='bbox 314 845 395 906; x_wconf 90' lang='lat' dir='ltr'>atque</span> <span class='ocrx_word' id='word_1_49' title='bbox 406 836 499 899; x_wconf 87' lang='lat' dir='ltr'>hausi,</span> <span class='ocrx_word' id='word_1_50' title='bbox 510 851 591 904; x_wconf 91' lang='lat' dir='ltr'>quem</span> <span class='ocrx_word' id='word_1_51' title='bbox 601 851 655 886; x_wconf 89' lang='lat' dir='ltr'>nou</span> <span class='ocrx_word' id='word_1_52' title='bbox 668 832 784 886; x_wconf 87' lang='lat' dir='ltr'>Sidonia</span> <span class='ocrx_word' id='word_1_53' title='bbox 793 842 874 891; x_wconf 81' lang='lat' dir='ltr'>tecta</span> 
     </span>
     <span class='ocr_line' id='line_1_11' title="bbox 145 904 783 976; baseline -0.011 -15"><span class='ocrx_word' id='word_1_54' title='bbox 145 909 307 976; x_wconf 81' lang='lat' dir='ltr'>Expuleriut</span> <span class='ocrx_word' id='word_1_55' title='bbox 316 922 413 959; x_wconf 88' lang='lat' dir='ltr'>eversa</span> <span class='ocrx_word' id='word_1_56' title='bbox 423 921 486 958; x_wconf 89' lang='lat' dir='ltr'>meo</span> <span class='ocrx_word' id='word_1_57' title='bbox 498 906 532 956; x_wconf 89' lang='lat' dir='ltr'>de</span> <span class='ocrx_word' id='word_1_58' title='bbox 544 904 636 967; x_wconf 90' lang='lat' dir='ltr'>corde,</span> <span class='ocrx_word' id='word_1_59' title='bbox 648 904 783 956; x_wconf 89' lang='lat' dir='ltr'>dolorem.</span> 
     </span>
     <span class='ocr_line' id='line_1_12' title="bbox 144 971 887 1041; baseline 0.003 -13"><span class='ocrx_word' id='word_1_60' title='bbox 144 980 219 1029; x_wconf 74' lang='lat' dir='ltr'>listis</span> <span class='ocrx_word' id='word_1_61' title='bbox 231 978 286 1037; x_wconf 89' lang='lat' dir='ltr'>ubi,</span> <span class='ocrx_word' id='word_1_62' title='bbox 300 992 343 1038; x_wconf 91' lang='lat' dir='ltr'>en,</span> <span class='ocrx_word' id='word_1_63' title='bbox 353 977 467 1037; x_wconf 89' lang='lat' dir='ltr'>iterum,</span> <span class='ocrx_word' id='word_1_64' title='bbox 479 971 595 1040; x_wconf 83' lang='lat' dir='ltr'>Superil</span> <span class='ocrx_word' id='word_1_65' title='bbox 612 975 670 1025; x_wconf 85' lang='lat' dir='ltr'>Dat</span> <span class='ocrx_word' id='word_1_66' title='bbox 681 979 800 1041; x_wconf 77' lang='lat' dir='ltr'><strong>pectora</strong></span> <span class='ocrx_word' id='word_1_67' title='bbox 809 975 887 1029; x_wconf 78' lang='lat' dir='ltr'>ferro</span> 
     </span>
     <span class='ocr_line' id='line_1_13' title="bbox 145 1043 780 1114; baseline -0.005 -17"><span class='ocrx_word' id='word_1_68' title='bbox 145 1046 272 1114; x_wconf 82' lang='lat' dir='ltr'>Regulus,</span> <span class='ocrx_word' id='word_1_69' title='bbox 285 1060 317 1095; x_wconf 89' lang='lat' dir='ltr'>ac</span> <span class='ocrx_word' id='word_1_70' title='bbox 329 1045 442 1110; x_wconf 80' lang='lat' dir='ltr'>stirpem</span> <span class='ocrx_word' id='word_1_71' title='bbox 453 1048 547 1095; x_wconf 85' lang='lat' dir='ltr'>tantae</span> <span class='ocrx_word' id='word_1_72' title='bbox 559 1044 670 1109; x_wconf 88' lang='lat' dir='ltr'>periura</span> <span class='ocrx_word' id='word_1_73' title='bbox 680 1043 780 1095; x_wconf 86' lang='lat' dir='ltr'>recidit</span> 
     </span>
     <span class='ocr_line' id='line_1_14' title="bbox 144 1111 886 1183; baseline 0.003 -17"><span class='ocrx_word' id='word_1_74' title='bbox 144 1114 307 1183; x_wconf 82' lang='lat' dir='ltr'>Surgentem</span> <span class='ocrx_word' id='word_1_75' title='bbox 319 1111 457 1181; x_wconf 81' lang='lat' dir='ltr'>Carthago</span> <span class='ocrx_word' id='word_1_76' title='bbox 470 1112 575 1163; x_wconf 90' lang='lat' dir='ltr'>domus.</span> <span class='ocrx_word' id='word_1_77' title='bbox 600 1112 667 1163; x_wconf 90' lang='lat' dir='ltr'>lude</span> <span class='ocrx_word' id='word_1_78' title='bbox 678 1128 764 1180; x_wconf 80' lang='lat' dir='ltr'>aegra</span> <span class='ocrx_word' id='word_1_79' title='bbox 773 1118 886 1181; x_wconf 82' lang='lat' dir='ltr'>reponit</span> 
     </span>
     <span class='ocr_line' id='line_1_15' title="bbox 101 1181 886 1237; baseline 0.004 -2"><span class='ocrx_word' id='word_1_80' title='bbox 101 1186 134 1236; x_wconf 86' lang='grc'>00</span> <span class='ocrx_word' id='word_1_81' title='bbox 146 1184 272 1235; x_wconf 87' lang='lat' dir='ltr'>Membro</span> <span class='ocrx_word' id='word_1_82' title='bbox 296 1190 367 1235; x_wconf 89' lang='lat' dir='ltr'>toro.</span> <span class='ocrx_word' id='word_1_83' title='bbox 413 1182 472 1234; x_wconf 91' lang='lat' dir='ltr'>Nec</span> <span class='ocrx_word' id='word_1_84' title='bbox 499 1181 573 1233; x_wconf 81' lang='lat' dir='ltr'>ferre</span> <span class='ocrx_word' id='word_1_85' title='bbox 600 1182 675 1233; x_wconf 89' lang='lat' dir='ltr'>rudis</span> <span class='ocrx_word' id='word_1_86' title='bbox 700 1182 886 1237; x_wconf 76' lang='lat' dir='ltr'>medicamine</span> 
     </span>
     <span class='ocr_line' id='line_1_16' title="bbox 617 1253 729 1314; baseline 0.009 -13"><span class='ocrx_word' id='word_1_87' title='bbox 617 1253 675 1314; x_wconf 88' lang='lat' dir='ltr'>(ui</span> <span class='ocrx_word' id='word_1_88' title='bbox 714 1266 729 1302; x_wconf 90' lang='lat' dir='ltr'>e</span> 
     </span>
     <span class='ocr_line' id='line_1_17' title="bbox 145 1267 818 1388; baseline 0.001 -16"><span class='ocrx_word' id='word_1_89' title='bbox 145 1322 268 1373; x_wconf 86' lang='lat' dir='ltr'>callebat</span> <span class='ocrx_word' id='word_1_90' title='bbox 275 1320 366 1383; x_wconf 90' lang='lat' dir='ltr'>bellis)</span> <span class='ocrx_word' id='word_1_91' title='bbox 376 1335 449 1370; x_wconf 92' lang='lat' dir='ltr'>nunc</span> <span class='ocrx_word' id='word_1_92' title='bbox 459 1326 559 1387; x_wconf 82' lang='lat' dir='ltr'>purgat</span> <span class='ocrx_word' id='word_1_93' title='bbox 570 1267 818 1388; x_wconf 48' lang='lat' dir='ltr'>vulntdraplld&#39;mpha,</span> 
     </span>
     <span class='ocr_line' id='line_1_18' title="bbox 142 1388 882 1457; baseline 0.005 -16"><span class='ocrx_word' id='word_1_94' title='bbox 142 1391 221 1441; x_wconf 92' lang='lat' dir='ltr'>Nunc</span> <span class='ocrx_word' id='word_1_95' title='bbox 232 1389 334 1440; x_wconf 89' lang='lat' dir='ltr'>mulcet</span> <span class='ocrx_word' id='word_1_96' title='bbox 344 1390 442 1440; x_wconf 88' lang='lat' dir='ltr'>succis.</span> <span class='ocrx_word' id='word_1_97' title='bbox 470 1388 554 1457; x_wconf 85' lang='lat' dir='ltr'>Ligat</span> <span class='ocrx_word' id='word_1_98' title='bbox 563 1389 636 1447; x_wconf 87' lang='lat' dir='ltr'>inde.</span> <span class='ocrx_word' id='word_1_99' title='bbox 648 1405 681 1441; x_wconf 89' lang='lat' dir='ltr'>ac</span> <span class='ocrx_word' id='word_1_100' title='bbox 691 1390 797 1443; x_wconf 83' lang='lat' dir='ltr'>vellera</span> <span class='ocrx_word' id='word_1_101' title='bbox 807 1394 882 1445; x_wconf 90' lang='lat' dir='ltr'>molli</span> 
     </span>
     <span class='ocr_line' id='line_1_19' title="bbox 144 1458 806 1528; baseline 0.005 -18"><span class='ocrx_word' id='word_1_102' title='bbox 144 1458 300 1510; x_wconf 84' lang='lat' dir='ltr'>circumdat</span> <span class='ocrx_word' id='word_1_103' title='bbox 310 1463 396 1520; x_wconf 87' lang='lat' dir='ltr'>tortu,</span> <span class='ocrx_word' id='word_1_104' title='bbox 409 1464 438 1509; x_wconf 89' lang='lat' dir='ltr'>et</span> <span class='ocrx_word' id='word_1_105' title='bbox 447 1464 589 1526; x_wconf 85' lang='lat' dir='ltr'>torpentes</span> <span class='ocrx_word' id='word_1_106' title='bbox 600 1461 708 1528; x_wconf 86' lang='lat' dir='ltr'>mitigat</span> <span class='ocrx_word' id='word_1_107' title='bbox 719 1466 806 1514; x_wconf 86' lang='lat' dir='ltr'>artus.</span> 
     </span>
     <span class='ocr_line' id='line_1_20' title="bbox 143 1528 720 1596; baseline 0 -16"><span class='ocrx_word' id='word_1_108' title='bbox 143 1529 215 1580; x_wconf 81' lang='lat' dir='ltr'>Exin</span> <span class='ocrx_word' id='word_1_109' title='bbox 227 1543 293 1578; x_wconf 89' lang='lat' dir='ltr'>cura</span> <span class='ocrx_word' id='word_1_110' title='bbox 302 1529 369 1590; x_wconf 87' lang='lat' dir='ltr'>seni,</span> <span class='ocrx_word' id='word_1_111' title='bbox 381 1528 487 1579; x_wconf 87' lang='lat' dir='ltr'>tristem</span> <span class='ocrx_word' id='word_1_112' title='bbox 498 1528 635 1596; x_wconf 82' lang='lat' dir='ltr'>depellere</span> <span class='ocrx_word' id='word_1_113' title='bbox 646 1528 720 1581; x_wconf 84' lang='lat' dir='ltr'>fesso</span> 
     </span>
     <span class='ocr_line' id='line_1_21' title="bbox 100 1598 777 1664; baseline 0.003 -16"><span class='ocrx_word' id='word_1_114' title='bbox 100 1598 133 1648; x_wconf 76' lang='lat'>95</span> <span class='ocrx_word' id='word_1_115' title='bbox 145 1599 199 1649; x_wconf 84' lang='lat' dir='ltr'>Ore</span> <span class='ocrx_word' id='word_1_116' title='bbox 211 1598 292 1659; x_wconf 89' lang='lat' dir='ltr'>sitim,</span> <span class='ocrx_word' id='word_1_117' title='bbox 306 1604 335 1648; x_wconf 92' lang='lat' dir='ltr'>et</span> <span class='ocrx_word' id='word_1_118' title='bbox 345 1613 430 1664; x_wconf 89' lang='lat' dir='ltr'>parca</span> <span class='ocrx_word' id='word_1_119' title='bbox 438 1600 510 1650; x_wconf 78' lang='lat' dir='ltr'>sires</span> <span class='ocrx_word' id='word_1_120' title='bbox 522 1613 663 1650; x_wconf 86' lang='lat' dir='ltr'>arcessere</span> <span class='ocrx_word' id='word_1_121' title='bbox 672 1614 777 1650; x_wconf 89' lang='lat' dir='ltr'>mensa.</span> 
     </span>
     <span class='ocr_line' id='line_1_22' title="bbox 144 1668 881 1736; baseline 0.004 -18"><span class='ocrx_word' id='word_1_122' title='bbox 144 1668 221 1730; x_wconf 78' lang='lat' dir='ltr'>Quae</span> <span class='ocrx_word' id='word_1_123' title='bbox 231 1673 376 1735; x_wconf 89' lang='lat' dir='ltr'>postquam</span> <span class='ocrx_word' id='word_1_124' title='bbox 386 1674 545 1735; x_wconf 88' lang='lat' dir='ltr'>properata,</span> <span class='ocrx_word' id='word_1_125' title='bbox 555 1684 641 1736; x_wconf 89' lang='lat' dir='ltr'>sopor</span> <span class='ocrx_word' id='word_1_126' title='bbox 646 1684 696 1719; x_wconf 89' lang='lat' dir='ltr'>sua</span> <span class='ocrx_word' id='word_1_127' title='bbox 702 1684 819 1721; x_wconf 85' lang='lat' dir='ltr'>munera</span> <span class='ocrx_word' id='word_1_128' title='bbox 824 1676 881 1723; x_wconf 86' lang='lat' dir='ltr'>tau·</span> 
     </span>
     <span class='ocr_line' id='line_1_23' title="bbox 617 1738 679 1789; baseline 0.016 -1"><span class='ocrx_word' id='word_1_129' title='bbox 617 1738 679 1789; x_wconf 88' lang='lat' dir='ltr'>dem</span> 
     </span>
     <span class='ocr_line' id='line_1_24' title="bbox 142 1807 856 1876; baseline 0.001 -18"><span class='ocrx_word' id='word_1_130' title='bbox 142 1807 277 1874; x_wconf 90' lang='lat' dir='ltr'>Applicat,</span> <span class='ocrx_word' id='word_1_131' title='bbox 289 1815 318 1859; x_wconf 91' lang='lat' dir='ltr'>et</span> <span class='ocrx_word' id='word_1_132' title='bbox 327 1810 420 1859; x_wconf 86' lang='lat' dir='ltr'>mitem</span> <span class='ocrx_word' id='word_1_133' title='bbox 432 1807 521 1858; x_wconf 80' lang='lat' dir='ltr'>fundit</span> <span class='ocrx_word' id='word_1_134' title='bbox 532 1822 581 1873; x_wconf 92' lang='lat' dir='ltr'>per</span> <span class='ocrx_word' id='word_1_135' title='bbox 591 1807 715 1857; x_wconf 89' lang='lat' dir='ltr'>membra</span> <span class='ocrx_word' id='word_1_136' title='bbox 726 1810 856 1876; x_wconf 89' lang='lat' dir='ltr'>quietem.</span> 
     </span>
     <span class='ocr_line' id='line_1_25' title="bbox 142 1876 881 1941; baseline 0.003 -14"><span class='ocrx_word' id='word_1_137' title='bbox 142 1876 265 1929; x_wconf 90' lang='lat' dir='ltr'>Necdum</span> <span class='ocrx_word' id='word_1_138' title='bbox 273 1884 371 1929; x_wconf 83' lang='lat' dir='ltr'>exorta</span> <span class='ocrx_word' id='word_1_139' title='bbox 380 1878 452 1941; x_wconf 78' lang='lat' dir='ltr'>‹lies3</span> <span class='ocrx_word' id='word_1_140' title='bbox 470 1876 881 1931; x_wconf 84' lang='lat' dir='ltr'>Marusinstatvulnerisaestus</span> 
     </span>
     <span class='ocr_line' id='line_1_26' title="bbox 141 1939 846 2014; baseline 0.003 -16"><span class='ocrx_word' id='word_1_141' title='bbox 141 1948 270 2013; x_wconf 85' lang='lat' dir='ltr'>Expertis</span> <span class='ocrx_word' id='word_1_142' title='bbox 280 1948 416 1997; x_wconf 83' lang='lat' dir='ltr'>medicare</span> <span class='ocrx_word' id='word_1_143' title='bbox 427 1945 525 2009; x_wconf 90' lang='lat' dir='ltr'>modis,</span> <span class='ocrx_word' id='word_1_144' title='bbox 530 1939 698 2013; x_wconf 69' lang='lat' dir='ltr'>‘gratumque</span> <span class='ocrx_word' id='word_1_145' title='bbox 710 1953 846 2014; x_wconf 90' lang='lat' dir='ltr'>teporem,</span> 
     </span>
     <span class='ocr_line' id='line_1_27' title="bbox 83 2013 770 2081; baseline 0.003 -15"><span class='ocrx_word' id='word_1_146' title='bbox 83 2016 133 2066; x_wconf 85' lang='grc'>100</span> <span class='ocrx_word' id='word_1_147' title='bbox 144 2017 250 2067; x_wconf 85' lang='lat' dir='ltr'>Exutus</span> <span class='ocrx_word' id='word_1_148' title='bbox 261 2017 380 2075; x_wconf 90' lang='lat' dir='ltr'>senium,</span> <span class='ocrx_word' id='word_1_149' title='bbox 391 2013 500 2080; x_wconf 89' lang='lat' dir='ltr'>trepida</span> <span class='ocrx_word' id='word_1_150' title='bbox 511 2017 613 2081; x_wconf 87' lang='lat' dir='ltr'>pietate</span> <span class='ocrx_word' id='word_1_151' title='bbox 624 2017 770 2069; x_wconf 83' lang='lat' dir='ltr'>ministrat</span> 
     </span>
     <span class='ocr_line' id='line_1_28' title="bbox 142 2084 820 2150; baseline 0.004 -14"><span class='ocrx_word' id='word_1_152' title='bbox 142 2085 196 2136; x_wconf 87' lang='lat' dir='ltr'>Hic</span> <span class='ocrx_word' id='word_1_153' title='bbox 206 2085 319 2145; x_wconf 85' lang='lat' dir='ltr'>iuvenis,</span> <span class='ocrx_word' id='word_1_154' title='bbox 330 2088 450 2133; x_wconf 89' lang='lat' dir='ltr'>maestos</span> <span class='ocrx_word' id='word_1_155' title='bbox 461 2084 559 2135; x_wconf 90' lang='lat' dir='ltr'>tollens</span> <span class='ocrx_word' id='word_1_156' title='bbox 571 2085 606 2136; x_wconf 89' lang='lat' dir='ltr'>ad</span> <span class='ocrx_word' id='word_1_157' title='bbox 617 2085 708 2137; x_wconf 90' lang='lat' dir='ltr'>sidera</span> <span class='ocrx_word' id='word_1_158' title='bbox 718 2087 820 2150; x_wconf 80' lang='lat' dir='ltr'>vultus,</span> 
     </span>
     <span class='ocr_line' id='line_1_29' title="bbox 143 2152 880 2220; baseline 0.004 -16"><span class='ocrx_word' id='word_1_159' title='bbox 143 2156 209 2204; x_wconf 84' lang='lat' dir='ltr'>Cum</span> <span class='ocrx_word' id='word_1_160' title='bbox 220 2153 323 2220; x_wconf 83' lang='lat' dir='ltr'>gemitu</span> <span class='ocrx_word' id='word_1_161' title='bbox 333 2152 507 2220; x_wconf 86' lang='lat' dir='ltr'>lacrimisque</span> <span class='ocrx_word' id='word_1_162' title='bbox 519 2153 610 2205; x_wconf 90' lang='lat' dir='ltr'>simul:</span> <span class='ocrx_word' id='word_1_163' title='bbox 636 2153 666 2205; x_wconf 89' lang='lat' dir='ltr'>Si</span> <span class='ocrx_word' id='word_1_164' title='bbox 678 2155 798 2208; x_wconf 88' lang='lat' dir='ltr'>culmina</span> <span class='ocrx_word' id='word_1_165' title='bbox 814 2172 880 2209; x_wconf 90' lang='lat' dir='ltr'>uon·</span> 
     </span>
     <span class='ocr_line' id='line_1_30' title="bbox 616 2225 680 2275; baseline 0 0"><span class='ocrx_word' id='word_1_166' title='bbox 616 2225 680 2275; x_wconf 89' lang='lat' dir='ltr'>dum</span> 
     </span>
     <span class='ocr_line' id='line_1_31' title="bbox 140 2290 765 2360; baseline 0.008 -20"><span class='ocrx_word' id='word_1_167' title='bbox 140 2291 260 2357; x_wconf 85' lang='lat' dir='ltr'>Tarpeia</span> <span class='ocrx_word' id='word_1_168' title='bbox 270 2304 370 2343; x_wconf 86' lang='lat' dir='ltr'>exosus</span> <span class='ocrx_word' id='word_1_169' title='bbox 381 2290 517 2342; x_wconf 88' lang='lat' dir='ltr'>damnasti</span> <span class='ocrx_word' id='word_1_170' title='bbox 528 2299 639 2360; x_wconf 89' lang='lat' dir='ltr'>sceptra</span> <span class='ocrx_word' id='word_1_171' title='bbox 649 2295 765 2357; x_wconf 77' lang='lat' dir='ltr'>Quirini,</span> 
     </span>
     <span class='ocr_line' id='line_1_32' title="bbox 139 2359 796 2432; baseline 0.008 -22"><span class='ocrx_word' id='word_1_172' title='bbox 139 2361 284 2411; x_wconf 81' lang='lat' dir='ltr'>Extremas</span> <span class='ocrx_word' id='word_1_173' title='bbox 294 2359 393 2411; x_wconf 84' lang='lat' dir='ltr'>ltalrlm</span> <span class='ocrx_word' id='word_1_174' title='bbox 403 2374 448 2410; x_wconf 85' lang='lat' dir='ltr'>res</span> <span class='ocrx_word' id='word_1_175' title='bbox 459 2361 659 2432; x_wconf 81' lang='lat' dir='ltr'>Ausoniamque</span> <span class='ocrx_word' id='word_1_176' title='bbox 671 2370 796 2416; x_wconf 89' lang='lat' dir='ltr'>ruentem</span> 
     </span>
     <span class='ocr_line' id='line_1_33' title="bbox 81 2429 881 2501; baseline 0.006 -21"><span class='ocrx_word' id='word_1_177' title='bbox 81 2429 131 2481; x_wconf 79' lang='grc'>105</span> <span class='ocrx_word' id='word_1_178' title='bbox 142 2430 248 2496; x_wconf 82' lang='lat' dir='ltr'>Aspice,</span> <span class='ocrx_word' id='word_1_179' title='bbox 259 2431 308 2492; x_wconf 89' lang='lat' dir='ltr'>ait,</span> <span class='ocrx_word' id='word_1_180' title='bbox 320 2430 440 2498; x_wconf 71' lang='lat' dir='ltr'>genitori</span> <span class='ocrx_word' id='word_1_181' title='bbox 459 2431 625 2500; x_wconf 90' lang='lat' dir='ltr'>tandemque</span> <span class='ocrx_word' id='word_1_182' title='bbox 631 2434 744 2485; x_wconf 82' lang='lat' dir='ltr'>adverte</span> <span class='ocrx_word' id='word_1_183' title='bbox 752 2434 881 2501; x_wconf 89' lang='lat' dir='ltr'>procellis</span> 
     </span>
     <span class='ocr_line' id='line_1_34' title="bbox 139 2499 738 2571; baseline 0.012 -23"><span class='ocrx_word' id='word_1_184' title='bbox 139 2500 247 2567; x_wconf 88' lang='lat' dir='ltr'>Aequos</span> <span class='ocrx_word' id='word_1_185' title='bbox 258 2499 347 2550; x_wconf 86' lang='lat' dir='ltr'>lliacis</span> <span class='ocrx_word' id='word_1_186' title='bbox 359 2500 462 2552; x_wconf 89' lang='lat' dir='ltr'>oculos.</span> <span class='ocrx_word' id='word_1_187' title='bbox 491 2501 636 2555; x_wconf 79' lang='lat' dir='ltr'>Amisimus</span> <span class='ocrx_word' id='word_1_188' title='bbox 647 2503 738 2571; x_wconf 87' lang='lat' dir='ltr'>Alpes,</span> 
     </span>
     <span class='ocr_line' id='line_1_35' title="bbox 140 2566 881 2636; baseline 0.011 -19"><span class='ocrx_word' id='word_1_189' title='bbox 140 2566 198 2618; x_wconf 86' lang='lat' dir='ltr'>Nec</span> <span class='ocrx_word' id='word_1_190' title='bbox 209 2568 306 2620; x_wconf 91' lang='lat' dir='ltr'>deinde</span> <span class='ocrx_word' id='word_1_191' title='bbox 318 2568 440 2623; x_wconf 82' lang='lat' dir='ltr'>adversis</span> <span class='ocrx_word' id='word_1_192' title='bbox 450 2570 549 2624; x_wconf 90' lang='lat' dir='ltr'>modus</span> <span class='ocrx_word' id='word_1_193' title='bbox 559 2577 609 2624; x_wconf 90' lang='lat' dir='ltr'>est.</span> <span class='ocrx_word' id='word_1_194' title='bbox 640 2574 768 2636; x_wconf 88' lang='lat' dir='ltr'>Ticinus,</span> <span class='ocrx_word' id='word_1_195' title='bbox 780 2579 811 2625; x_wconf 92' lang='lat' dir='ltr'>et</span> <span class='ocrx_word' id='word_1_196' title='bbox 821 2580 881 2627; x_wconf 87' lang='lat' dir='ltr'>oter</span> 
     </span>
    </p>
   </div>
   <div class='ocr_carea' id='block_1_3' title="bbox 115 2636 810 2783">
    <p class='ocr_par' dir='ltr' id='par_1_3' title="bbox 115 2636 810 2783">
     <span class='ocr_line' id='line_1_36' title="bbox 130 2636 810 2710; baseline 0.012 -23"><span class='ocrx_word' id='word_1_197' title='bbox 130 2636 281 2706; x_wconf 54' lang='lat' dir='ltr'>Smsrgibus</span> <span class='ocrx_word' id='word_1_198' title='bbox 291 2639 439 2707; x_wconf 79' lang='lat' dir='ltr'>Eridanus,</span> <span class='ocrx_word' id='word_1_199' title='bbox 451 2646 536 2710; x_wconf 88' lang='lat' dir='ltr'>tuque</span> <span class='ocrx_word' id='word_1_200' title='bbox 545 2642 675 2709; x_wconf 72' lang='lat' dir='ltr'>insignite</span> <span class='ocrx_word' id='word_1_201' title='bbox 685 2645 810 2709; x_wconf 82' lang='lat' dir='ltr'>tropaeis</span> 
     </span>
     <span class='ocr_line' id='line_1_37' title="bbox 115 2704 796 2783; baseline 0.004 -27"><span class='ocrx_word' id='word_1_202' title='bbox 115 2704 246 2766; x_wconf 83' lang='lat' dir='ltr'>Sidoniis</span> <span class='ocrx_word' id='word_1_203' title='bbox 259 2713 374 2783; x_wconf 84' lang='lat' dir='ltr'>Trebia,</span> <span class='ocrx_word' id='word_1_204' title='bbox 388 2720 419 2769; x_wconf 91' lang='lat' dir='ltr'>et</span> <span class='ocrx_word' id='word_1_205' title='bbox 428 2713 514 2767; x_wconf 89' lang='lat' dir='ltr'>tellus</span> <span class='ocrx_word' id='word_1_206' title='bbox 522 2710 705 2766; x_wconf 73' lang='lat' dir='ltr'>lacrimaliilis</span> <span class='ocrx_word' id='word_1_207' title='bbox 718 2711 796 2761; x_wconf 67' lang='lat' dir='ltr'>Audi.</span> 
     </span>
    </p>
   </div>
   <div class='ocr_carea' id='block_1_4' title="bbox 0 0 965 2962">
    <p class='ocr_par' dir='ltr' id='par_1_4' title="bbox 0 0 965 2962">
     <span class='ocr_line' id='line_1_38' title="bbox 0 0 965 2962; baseline 0 0"><span class='ocrx_word' id='word_1_208' title='bbox 0 0 965 2962; x_wconf 95' lang='lat' dir='ltr'> </span> 
     </span>
    </p>
   </div>
  </div>
 </body>
</html>
