1920 2962
142 144 395 199 PllNlGORUM
423 148 503 206 ΗΒ,
531 149 579 201 lv.
697 149 730 202 91

42 281 50 316 ι
61 270 145 332 caput
155 265 309 318 ambustum
320 273 465 319 conantem
476 268 602 321 attollere
611 271 686 321 iacta
740 267 791 322 695

42 334 134 403 npade
146 335 285 387 Vulcanus
294 338 390 388 mersit
399 337 565 390 fumantibus
575 338 667 391 undisc

42 420 48 455 ,·
60 410 190 471 correpta
199 404 253 455 Dei
264 406 351 457 crines
363 407 476 459 nudavit
485 406 597 460 arundo.

42 489 67 524 m
77 474 186 525 domum
196 474 332 526 admissae
341 477 412 527 vires
418 513 425 539 ‚
439 483 467 527 et
477 490 545 526 voce
557 477 704 543 precantis,

42 545 91 595 mti
110 559 145 594 ue
157 544 250 595 datum
260 545 455 610 ripasservarc
466 547 585 611 priores:

43 559 155 664 tandem
165 629 182 664 a
192 613 294 664 Trebia
304 616 444 665 revocarit
456 612 547 680 Scipio
558 613 647 666 fessas
742 614 792 662 7⁰0

42 682 131 733 ,nitum
141 683 168 732 in
179 682 287 745 collem,
299 681 426 734 Graccho
438 685 596 746 comitante,
604 681 741 735 cohortes.

42 751 161 814 Poenus,
173 751 259 802 multo
269 751 381 803 flurium
391 759 537 803 veneratus
547 751 662 816 honore,

42 822 157 887 amineae
167 820 248 871 undis
259 822 358 872 statuit
367 821 514 873 socialibus
524 836 600 885 aras;

42 892 109 940 scius
122 888 175 940 heu
182 887 302 957 lquanto
314 887 412 957 Superi
422 891 528 942 maiora
538 895 689 951 moverent,

41 973 109 1028 quos
119 960 255 1009 Ausoniae
265 958 368 1022 luctus,
381 958 571 1026 Thrasymene
577 997 585 1022 ‚
596 974 717 1026 parares.
743 956 793 1006 '105

42 1029 126 1079 lorum
136 1044 173 1079 uu
193 1043 223 1078 er
234 1028 350 1094 populos
361 1030 521 1080 turbaverat
532 1030 615 1080 armis

42 1099 157 1159 sndnius,
169 1043 312 1164 diciteque
322 1100 381 1149 viro
387 1105 446 1149 tum
456 1098 545 1165 gloria
554 1097 628 1159 belli,

42 1167 83 1219 :de
94 1167 182 1218 levem
192 1173 274 1233 atque
285 1173 359 1218 astus
369 1168 480 1233 inopem
490 1167 659 1218 contundere
670 1179 733 1233 gen·

334 1245 338 1252 '
470 1241 532 1287 tem.

42 1304 137 1356 llabcr
147 1301 220 1354 haud
231 1303 304 1353 idem
317 1303 404 1368 Tyrio
416 1311 536 1356 certasse
547 1309 673 1370 tyranno.

42 1389 90 1435 nc,
101 1373 187 1424 laesis
198 1372 265 1424 Urbi
276 1374 398 1440 genitum
410 1373 446 1424 ad
457 1373 553 1425 fatalia
564 1375 665 1427 damna
744 1373 795 1423 ‘110

42 1442 151 1504 sinibus,
163 1448 243 1509 parat
253 1443 368 1509 imperio
380 1441 509 1494 Saturnia
516 1444 591 1496 fesso

42 1518 159 1574 ctorem,
170 1512 333 1579 dignumque
346 1514 433 1562 virum
443 1514 569 1566 veniente
579 1515 665 1564 ruina

44 1597 59 1631 e
70 1581 117 1632 ubi
128 1582 216 1647 prima
226 1581 284 1632 dies
293 1583 374 1645 iuris,
386 1582 546 1650 clavumque
557 1582 693 1651 regendae

44 1651 96 1701 asit
108 1652 228 1716 patriae,
240 1666 272 1701 ac
283 1650 333 1701 sub
344 1656 413 1702 nutu
424 1651 608 1715 caetraluere,

41 1719 132 1787 pelagi
143 1721 231 1782 rudis,
243 1726 271 1771 et
281 1725 396 1786 pontum
406 1725 529 1771 tractare
541 1736 591 1786 per
602 1727 690 1770 artem
743 1717 794 1769 '115

42 1790 123 1850 scius,
137 1790 246 1854 accepit
257 1790 374 1839 miserae
386 1789 410 1838 si
418 1789 481 1840 iura
492 1790 610 1849 carinae,

42 1865 148 1909 ntorum
158 1862 236 1907 tenet
244 1859 304 1922 ipse
318 1857 415 1918 vicem,
429 1856 589 1923 cunctisque
599 1854 726 1921 procellis

42 1929 165 1978 tiactare
176 1928 272 1975 ratemss
290 1925 390 1979 Fertur
399 1941 471 1994 vaga
481 1927 589 1994 gurgite
601 1925 698 1992 puppis

41 1998 81 2048 ius
91 1999 118 2047 in
130 1994 257 2060 scopulos
269 1994 367 2044 dextra
375 1995 533 2062 impellente
543 1996 675 2064 magistri,

42 2082 68 2134 go
81 2066 172 2133 agitur
182 2065 268 2131 raptis
280 2078 412 2130 praeceps
423 2067 560 2118 exercitus
572 2066 654 2117 armis
746 2064 797 2114 'tao

42 2136 137 2186 dorum
148 2136 177 2184 in
187 2133 318 2253 pozulos,
330 2132 477 2203 sedemque
490 2134 524 2185 ab
537 2136 642 2202 origine
653 2134 737 2200 prisci

42 2210 139 2255 :ratam
146 2205 233 2269 Goryt
251 2204 269 2265 i,
281 2203 443 2271 iunctosque
456 2205 613 2272 asanguine
625 2218 736 2254 avorum

42 2275 139 2325 aonios
151 2273 227 2324 ltalis
239 2273 376 2340 permixta
387 2274 473 2342 stirpe
486 2274 609 2325 coloniis.
627 2313 630 2317 .

42 2359 51 2394 ι
64 2357 159 2411 regem
169 2341 297 2397 Afrorum
307 2343 447 2395 noscenda
457 2343 492 2395 ad
504 2349 605 2410 coepta
613 2345 737 2393 moratur

42 2413 94 2463 ude
106 2426 189 2478 super
200 2417 278 2463 tanta
289 2412 409 2462 monitor
419 2412 503 2464 Deus.
524 2413 623 2464 Omnia
632 2410 720 2461 somni
747 2408 798 2459 tii

42 2482 197 2544 ndidcrant,
209 2483 352 2548 aegrisque
364 2479 467 2533 dabant
479 2482 580 2533 oblivia
592 2480 677 2541 curis;

42 2567 63 2601 m
74 2552 157 2612 luno,
167 2551 195 2600 in
206 2551 295 2617 stagni
307 2564 404 2601 numen
418 2565 551 2603 conversa
561 2548 717 2617 propinqui„

42 2619 169 2670 madidae
180 2618 278 2670 frontis
290 2621 378 2670 crines
391 2619 685 2675 circumdatairondc

42 2688 127 2751 palea,
139 2689 262 2740 stimulat
271 2690 373 2744 subitis
384 2694 565 2764 praecordia
575 2693 669 2752 curias
