1920 2962
164 146 215 196 164
353 144 373 194 C
411 141 515 195 SlLlr
545 143 713 194 lTnLlcr

162 265 192 315 ln
205 269 300 331 portus
311 276 404 313 amens
414 264 537 313 rorantia
546 261 648 313 lumina
658 261 742 315 flexit.

101 336 153 385 110
165 331 266 400 [Atque
279 330 348 382 haec
358 346 455 398 sparse
465 346 572 382 cernam
583 330 661 450 Divip
670 334 699 383 in
708 337 799 383 morte
809 341 905 399 protis-

653 401 687 452 it:

160 471 197 522 Dr
206 471 305 539 longae
316 471 405 521 noctis
411 507 419 533 ,
430 484 544 538 quorum
554 470 609 519 iarn
619 400 730 521 numidia
742 470 822 522 nobis

160 541 237 592 Mors
247 542 352 592 instans
364 541 470 591 maiora
479 539 556 600 iacit,
563 553 676 605 precor,
686 540 784 606 inquit,
796 539 903 604 adeste,

160 611 198 661 Et
207 609 307 677 placidi
318 611 407 660 victos
418 608 517 659 ardore
528 607 664 659 admittite
675 622 779 660 manes.

160 681 268 730 Aeneae
280 679 377 730 coniux
384 715 392 741 ,
403 678 520 729 Veneris
531 692 628 739 umus,
640 677 699 728 ulta
708 679 847 741 maritum,

100 749 151 800 115
162 748 227 800 Vidi
237 753 409 799 constructas
421 753 533 798 nostrae
543 743 715 814 carthaginis
727 762 815 799 arces.

160 816 240 869 Nunc
252 818 287 868 ad
297 832 346 869 vos
357 817 447 885 magni
459 815 607 868 descendet
619 817 742 882 corporis
752 816 858 868 umbra.

160 888 207 938 Me
217 902 324 954 quoque
335 885 393 936 fors
405 886 476 936 dulei
489 885 625 953 quondam
636 885 677 935 vir·
688 890 770 935 notus
781 900 873 937 amore

160 957 324 1022 Exspectat,
337 970 416 1004 curas
429 956 540 1020 cupiens
554 969 672 1020 aequare
683 955 800 1020 priores.

159 1024 238 1074 Hace
248 1023 356 1085 dicens,
368 1036 460 1072 ensem
470 1022 561 1073 media
569 1023 597 1073 in
607 1023 771 1089 praecordia
781 1023 880 1093 adegit,

99 1093 150 1143 1511
161 1095 261 1144 Ensern
273 1092 405 1143 Dardanii
416 1092 569 1159 quaesitum
577 1091 605 1141 in
617 1093 714 1160 pignus
725 1094 835 1145 amoris.

161 1162 295 1214 Viderunt
306 1163 433 1224 comites,
444 1161 570 1230 tristique
581 1176 631 1229 per
642 1162 712 1212 atria
724 1162 837 1229 planctu

160 1233 343 1299 Concurrunt:
355 1233 459 1298 magnis
471 1235 602 1282 resonant
612 1230 757 1282 ululatibus
770 1231 859 1285 aedes.

160 1302 260 1366 Accepi
269 1299 378 1361 infelix,
389 1299 508 1366 dirisque
520 1300 653 1350 exterrita
664 1299 738 1362 fatis,

161 1369 218 1419 Ora
229 1383 310 1418 manu
320 1367 458 1430 lacerans,
469 1366 612 1434 lymphato
625 1371 701 1437 regia
711 1385 796 1422 eursu

100 1437 150 1487 155
163 1440 252 1489 Tecto
260 1442 335 1503 peto,
349 1435 490 1503 celsosque
502 1438 603 1505 gradus
616 1439 733 1490 evadere
743 1441 826 1492 nitor.

161 1509 217 1559 Ter
228 1506 288 1556 diro
300 1503 405 1555 fueram
418 1511 519 1557 conata
527 1508 684 1559 incumbere
696 1507 780 1574 ferro,

161 1578 217 1627 Ter
230 1574 315 1626 cecidi
328 1576 469 1626 exanimae
481 1576 609 1628 membris
619 1578 745 1629 revoluta
755 1581 866 1633 sororis.

160 1647 271 1713 lamque
283 1643 424 1696 ferebatur
434 1647 522 1697 vicina
532 1661 582 1714 per·
593 1647 694 1713 oppida
704 1664 807 1701 rumor.

161 1717 232 1767 Tum
245 1717 416 1783 Cyrenaeam
427 1716 491 1766 fatis
503 1717 669 1784 agitantibus
683 1717 778 1769 urbem

100 1784 151 1835 160
161 1785 297 1851 Dereni03
309 1783 372 1836 hinc
383 1787 481 1837 vestris
492 1785 581 1853 pelagi
591 1787 631 1836 vis
642 1787 746 1853 appulit
757 1791 821 1840 oris.

159 1856 253 1908 Motus
278 1861 351 1919 erat,
376 1856 567 1923 placidumque
589 1857 707 1906 animum
727 1864 894 1927 mentemque

653 1926 755 1976 uictam

162 1992 263 2041 Troius
272 1993 300 2040 in
312 1993 439 2041 miseram
450 1998 544 2042 rector
553 1941 713 2061 suscederat
724 1997 837 2048 Annam.

161 2060 272 2125 lamque
285 2073 378 2110 omnes
388 2059 478 2110 luctus
489 2076 636 2130 omnesque
648 2078 663 2114 e
673 2069 788 2130 pectore
799 2080 876 2117 curas

160 2126 330 2192 Dispulcrat,
357 2126 485 2197 Phrygiis
508 2147 558 2182 nec
580 2133 770 2252 iamteacqriplius
795 2135 894 2187 advena

101 2262 151 2313 165
162 2262 211 2313 llla
221 2262 371 2315 videbatur.
396 2267 495 2317 Tacito
506 2283 561 2319 nox
572 2278 632 2320 atra
644 2286 744 2336 sopore

163 2334 267 2383 Cuncta
277 2349 326 2399 per
337 2339 365 2384 et
375 2339 463 2385 terras
473 2341 502 2386 et
512 2335 560 2387 lati
572 2345 669 2407 stagna
680 2340 807 2407 profundi

162 2401 339 2465 Condiderat,
348 2405 420 2454 tristi
432 2420 492 2454 cum
504 2406 576 2458 Dido
588 2423 622 2460 ae
642 2410 742 2460 errima
755 2412 829 2462 vultu

159 2471 218 2521 lias
229 2473 287 2522 visa
297 2475 324 2524 in
337 2474 437 2525 somnis
448 2490 594 2542 germanae
606 2493 621 2530 e
662 2479 747 2532 ndere
758 2497 854 2534 voces:

154 2541 221 2603 His,
233 2555 327 2606 soror,
339 2545 366 2595 in
377 2544 458 2596 tectis
469 2544 566 2616 longae
576 2549 718 2617 indulgere
730 2552 822 2617 quieti,

81 2608 230 2683 1711111111
239 2614 356 2668 nimium
373 2631 491 2683 secura,
502 2616 600 2687 potest
613 2617 677 2737 Nep
691 2618 894 2686 quact'rmiran

673 2702 703 2738 es
