1920 2962
181 186 665 255 PUN100RUML113.xvl1.'
746 201 796 254 aar
833 213 834 216 ¹

55 326 94 376 rie
105 323 296 374 Tartessiacas
306 319 416 389 profugi
426 328 592 391 sparguntur
601 324 630 373 in
642 337 712 374 oras.

56 394 126 446 Pars
138 393 213 442 Batti
225 392 328 456 petiere
339 391 444 454 demes,
456 407 520 458 pars
532 391 644 443 flumina
656 392 734 459 Lagi.

58 462 103 514 Sic
114 460 171 522 ubi,
181 461 208 510 vi
219 475 303 511 caeca
315 459 426 511 taudem
436 461 568 525 devictus,
580 462 615 512 ad
627 469 702 512 astra

56 531 187 584 Evomuit
196 534 292 596 pastos
304 544 353 595 per
364 529 457 580 secula
466 531 585 583 Vesbius
595 533 681 598 ignes,

56 603 93 653 Et
103 600 201 668 pelago
214 604 242 649 et
252 600 332 650 terris
344 598 406 650 lusa
417 606 459 650 est
472 600 604 651 Vulcania
617 603 709 667 pestis,
807 599 860 650 505

56 670 160 723 Videre
172 668 224 719 Eoi
236 669 400 729 (monstrum
410 668 568 721 admirabile
576 669 594 734 l)
606 669 687 722 Seres

55 739 211 806 Lanigeros
222 738 314 789 cinere
325 739 445 791 Ausonio
457 754 603 792 canescere
614 741 700 792 lucos.

55 811 91 861 nt
101 807 204 859 fessum
215 808 319 858 tumulo
330 808 441 859 tandem
452 811 546 877 regina
556 811 709 877 propinque

57 878 137 931 Sistit
147 878 215 928 lune
226 876 332 940 ducem,
343 876 430 930 iacies
441 880 512 930 unde
523 881 618 942 amnis,
630 886 658 930 et
669 886 746 931 atrae

58 950 199 1016 apparent
208 946 323 997 admota*
331 948 416 999 oculis
427 950 544 1017 vestigia
555 964 669 1017 pugnae.
806 947 862 1000 000

59 1018 174 1080 Qualem
187 1015 308 1082 Gargani
320 1032 454 1084 campum,
468 1018 639 1085 Trebiaeque
650 1019 785 1084 paludem,

58 1084 248 1152 Et'l'yrrhena
256 1086 334 1149 vada,
347 1086 561 1138 cthaetliontis
571 1087 678 1137 viderat
689 1103 796 1138 amnem

58 1155 158 1224 Strage
170 1157 258 1206 virum
269 1157 431 1219 undantem3
443 1156 505 1206 talis
518 1157 684 1218 (miserabile
695 1158 754 1207 visu
761 1155 779 1219 l)
870 1153 872 1157 ’

57 1227 208 1277 Prostratis
218 1223 304 1276 facies
316 1227 437 1294 aperitur
449 1225 508 1276 dira
519 1226 651 1293 maniplis.

57 1297 130 1348 Tum
140 1309 253 1366 superas
266 1295 332 1348 luno
343 1297 423 1348 sedes
434 1294 546 1347 turbata
556 1297 658 1347 revisit.
807 1294 861 1346 605

59 1368 170 1436 lamque
187 1366 406 1436 propinquabant
421 1365 526 1430 hostes,
549 1366 706 1435 tumuloque
726 1366 796 1418 subi·

531 1438 607 1499 bant,

58 1510 125 1559 Cum
136 1521 228 1556 secum
240 1507 361 1556 Poenus:
374 1507 485 1556 coelum
496 1507 561 1557 licet
571 1521 651 1557 enine
661 1507 751 1558 seluta

56 1579 87 1628 ln
102 1577 187 1638 caput
197 1570 250 1621 hoe
262 1588 394 1639 compage
406 1581 477 1636 ruat,
489 1581 634 1641 terraeque
645 1573 796 1635 dehiscant,

56 1645 120 1698 Non
132 1640 187 1690 ulle
199 1640 304 1690 cannas
317 1641 448 1703 abolebis,
462 1644 573 1708 iupiter,
585 1659 660 1694 aevo.

56 1710 238 1777 Decedesque
251 1709 325 1774 prius
337 1711 437 1776 regnis,
450 1725 531 1777 quam
542 1712 653 1762 nomina
664 1715 759 1778 gentes
807 1709 862 1762 610

57 1786 112 1836 Aut
124 1780 201 1832 facta
210 1777 370 1830 Hannibalis
379 1778 485 1830 sileant.
496 1779 555 1830 Nec
566 1780 663 1831 deinde
674 1780 796 1846 relinquo

59 1852 190 1905 Securam
200 1855 237 1910 te,
248 1848 344 1910 Roma,
356 1849 422 1898 mei:
433 1850 594 1916 patriaeque
604 1855 743 1914 superstes

51 1922 98 1974 nd
110 1934 173 1987 spes
184 1932 321 1969 armorum
332 1919 421 1968 vivam
430 1919 489 1968 tibi.
517 1915 587 1968 Nam
598 1918 680 1969 modo
692 1933 783 1986 pugna

58 1989 215 2050 Praecellis,
226 1988 347 2039 resident
359 1985 465 2038 hostes:
477 1985 542 2038 mihi
548 1993 646 2055 satque
652 2002 796 2055 superque,

58 2062 94 2113 llt
104 2075 148 2111 me
161 2058 317 2110 Dardaniae
328 2063 430 2109 matres
441 2063 522 2125 atque
534 2057 605 2108 ltala
614 2057 703 2119 tellus,
806 2054 862 2105 615-

59 2130 130 2182 Dum
146 2131 248 2192 riram,
265 2133 440 2196 exspectent,
456 2142 507 2180 nec
519 2142 615 2195 pacem
626 2131 739 2194 pectore
750 2140 797 2176 no·

533 2199 597 2248 rint.

57 2267 103 2322 Slc
114 2269 229 2335 rapitur,
241 2269 334 2335 paucis
345 2266 498 2335 fugientum
508 2269 618 2329 mixtus,
632 2272 660 2318 et
670 2266 739 2316 altos

59 2339 123 2391 inde
135 2340 205 2405 petit
214 2344 289 2389 retro
301 2343 409 2389 montes
419 2342 547 2406 tutasque
557 2337 685 2388 latebras.

57 2410 111 2461 Hie
122 2409 182 2460 linis
194 2408 275 2459 bello.
303 2409 471 2459 Reserantur
482 2409 606 2474 protinus
620 2421 697 2457 arces

56 2478 177 2530 Ausonio
187 2479 241 2528 iam
252 2483 350 2544 sponte
361 2476 432 2528 duci.
467 2477 531 2528 lura
541 2477 666 2544 improba
676 2475 795 2537 ademta,
806 2472 863 2524 620

56 2550 202 2613 Amraque,
214 2548 352 2598 etincisae
361 2547 446 2615 leges,
458 2548 612 2615 opibusque
620 2545 754 2613 superbie

56 2619 105 2668 Vir
114 2616 213 2677 fracta,
225 2622 254 2667 et
262 2618 359 2684 posuit
369 2623 499 2689 gestatas
506 2618 600 2672 belua
606 2623 717 2669 turres.

43 2684 183 2735 [excelsae
194 2689 253 2737 tum
265 2704 356 2744 saera
367 2697 450 2747 rates
463 2687 672 2764 spectacula?
679 2681 768 2735 aeuus

32 2748 249 2807 Flammiferam
262 2773 413 2834 accepere
426 2765 549 2831 laeena,
559 2732 882 2824 ennumquam&
