1920 2962
216 186 473 241 PUNlCORUM
499 188 580 240 LlB.
603 189 677 241 VllI.
769 188 820 240 165

79 311 256 373 Tenduntur,
268 323 339 377 quoe
350 309 528 359 circumstent
538 307 706 371 discrimina,
719 308 819 360 remisi

78 383 119 433 Ac
128 379 251 430 nondum
262 383 357 428 nostro
367 376 502 428 infaustos
514 378 661 443 generique
669 379 783 445 soloque

78 448 306 502 Laomedonteae
315 447 406 496 noscis
417 446 520 496 telluris
532 445 671 496 alumnosl
725 483 728 487 .

78 520 153 570 Dum
165 518 271 569 coelum
282 515 379 581 rapida
390 514 484 566 stellas
495 516 628 581 vertigine
638 515 739 577 volvet,

77 589 213 654 Lunaque
224 585 346 636 fraterno
357 583 484 634 lustrabit
494 583 594 634 lumine
605 589 706 634 terras:
827 583 877 634 175

78 658 140 709 Pax
151 655 225 706 nulla
234 653 374 705 Aeneades
384 654 456 704 iuter
466 655 621 721 Tyriosque
631 652 759 703 nranehit.

79 726 182 793 Surge,
196 740 257 792 age,
268 725 323 774 iam
334 723 434 773 tacitas
444 729 573 788 suspectu
584 721 701 772 Lavinia
711 721 821 773 fraudes

77 796 207 857 Molitur,
218 794 359 859 dirumque
371 790 449 842 nefas
460 791 510 841 sub
523 791 606 840 corde
617 790 731 841 volutat.

77 865 229 916 Praeterea
240 864 287 924 (ne
297 860 367 911 laisa
378 865 457 925 putes
469 858 538 910 haec
548 860 652 926 lingere
663 863 800 923 somnum)

77 933 163 984 Haud
175 931 272 1000 procul
283 927 346 979 hinc
356 943 441 995 parvo
455 928 623 980 descendens
639 928 716 979 fonte
726 926 819 978 Numi·

554 1013 602 1048 cus
828 996 879 1045 18⁰

77 1071 212 1132 Labitur,
224 1075 251 1120 et
261 1070 315 1120 leni
324 1082 374 1134 per
384 1066 468 1116 valles
475 1066 592 1116 volvitur
603 1079 690 1115 amne.

77 1143 143 1194 Huc
154 1141 258 1206 rapies,
269 1151 413 1204 germana,
424 1137 495 1184 viam
505 1140 633 1201 tutosque
644 1139 779 1200 receptus.

79 1213 122 1263 Te
134 1223 216 1261 sacra
226 1207 364 1272 excipient
373 1202 474 1254 hilares
484 1205 512 1253 in
522 1201 633 1254 flumina
643 1200 797 1268 Nymphae,

80 1283 282 1343 Aeternumque
293 1274 369 1325 Italis
378 1287 478 1323 numen
489 1271 663 1324 celebrabere
673 1273 700 1321 iu
713 1273 776 1321 oris.

80 1349 127 1401 Sic
139 1347 235 1398 fatain
246 1351 356 1396 tenuem
367 1340 519 1394 Phoenissa
530 1343 639 1393 evanuit
650 1355 752 1391 auram.
830 1338 880 1389 185

78 1421 159 1470 Anna
168 1417 352 1466 novis'somno
364 1413 502 1463 excutitur
512 1412 659 1478 perterrita
668 1410 741 1472 visis,

79 1489 160 1556 ltquc
170 1486 254 1535 timor
263 1490 338 1534 totos
350 1482 440 1550 gelido
451 1481 552 1532 sudore
562 1496 611 1548 per
622 1486 705 1530 artus.

80 1559 176 1616 Tunc,
188 1560 219 1604 ut
230 1560 290 1605 crat
301 1554 377 1604 tenui
388 1567 487 1616 corpus
499 1551 632 1601 velamine
643 1555 727 1610 tecta,
770 1601 771 1604 Ἴ

79 1624 213 1679 Prosiluit
222 1624 329 1684 stratis,
342 1620 488 1688 humilique
500 1634 612 1687 egressu
622 1617 744 1668 fenestra

79 1697 137 1749 Per
148 1694 256 1762 patulos
269 1693 355 1743 currit
364 1691 463 1756 plantis
475 1687 629 1755 pernicibus
640 1701 734 1753 agros:
830 1683 882 1734 190

80 1766 181 1817 Donec
193 1777 309 1815 arenoso
321 1761 373 1823 (sio
384 1759 470 1820 fama)
480 1756 620 1806 Numicius
630 1754 704 1803 illam

81 1835 212 1902 Suscepit
221 1832 341 1900 gremio,
350 1828 499 1892 vitreisque
510 1822 682 1874 abscondidit
692 1822 785 1871 antris.

81 1907 154 1958 Orto
164 1903 222 1954 dies
233 1907 322 1952 toturn
334 1897 417 1948 radiis
427 1893 590 1962 impleverat
600 1890 703 1952 orbem,

82 1978 151 2027 Cum
162 1971 262 2023 nullam
273 1967 417 2020 Aeneadae
429 1962 556 2015 thalamis
567 1960 698 2013 Sidonida
707 1960 790 2021 nacti,

81 2047 120 2097 ut
129 2041 259 2094 Rutulum
268 2051 369 2106 magno
381 2040 503 2087 errantes
516 2032 634 2083 clamore
645 2045 693 2097 per
705 2043 810 2096 agrum,
833 2027 883 2079 195

82 2113 175 2166 Vicini
186 2111 222 2161 ad
232 2111 306 2176 ripas
317 2107 391 2158 llurii
401 2103 550 2157 manifesta
559 2107 709 2168 sequuntur

83 2182 170 2251 Signa
180 2179 293 2247 pedum,
307 2176 424 2244 dumque
434 2176 507 2224 inter
517 2187 546 2223 se
557 2172 702 2230 mirantur,
714 2166 747 2217 ab
758 2166 813 2216 alto

84 2252 178 2304 Amnis
190 2262 275 2316 aquas
287 2258 449 2312 cursumque
459 2243 540 2309 rapit.
560 2242 632 2291 Tum
642 2237 751 2290 sedibus
762 2236 824 2287 imis

83 2324 161 2373 lnter
172 2317 313 2370 caeruleas
324 2316 384 2364 visa
394 2319 436 2364 est
446 2312 567 2362 residere
579 2324 689 2360 sorores

84 2389 209 2448 Sidonis,
222 2392 251 2438 et
261 2383 369 2453 placido
382 2383 506 2432 Teucros
518 2379 628 2430 uffarier
640 2391 697 2428 ore.
834 2372 883 2421 20⁰

82 2462 127 2513 Ex
136 2458 184 2510 illo
190 2456 289 2524 primis
302 2453 365 2503 anni
376 2450 516 2501 celebrata
527 2447 621 2498 diebus

82 2530 139 2582 Per
149 2533 238 2578 totam
245 2523 391 2576 Ausoniam
403 2517 558 2571 venerando
570 2515 682 2567 numine
693 2512 774 2562 cultu
780 2516 837 2557 est.

83 2600 167 2651 Hunc
175 2601 325 2666 postquam
333 2593 364 2644 iu
373 2589 471 2644 tristes
479 2582 859 2640 italumuatuxmsuuam

76 2669 203 2720 Hortata
215 2673 273 2734 est,
286 2666 376 2720 celeri
387 2676 531 2734 superum
536 2658 619 2728 petit
626 2649 758 2706 achera
765 2649 870 2690 currus

71 2738 212 2805 Oetaeum
225 2740 307 2795 Latii
318 2740 445 2794 tandem
457 2740 574 2807 potura
583 2733 741 2782 cruorem.

907 2681 934 2726 ‘t'
