1920 2962
197 165 450 220 PUNICORUM
479 168 560 220 LlB.
579 169 640 221 Vll.

45 286 129 341 Nunc
138 287 252 348 iterum,
264 291 346 353 atque
354 289 454 340 iterum
464 289 584 369 vinctum
601 288 642 339 rel
652 304 683 339 m

45 423 179 477 Amuibus
190 429 239 474 aut
254 423 357 490 rapidis
371 424 466 487 (modo
477 356 693 492 pupulpsabmfit

525 493 596 545 dam.

46 565 160 614 Interea
170 561 265 623 (crede
277 567 406 628 experto,
416 577 471 612 nou
481 561 611 620 fallimus)
623 565 707 631 aegris

45 631 94 684 Nil
105 633 222 683 movisse
232 631 305 682 salus
316 630 405 681 rebus.
425 628 467 681 Sit
476 630 564 698 gloria
574 631 675 697 nutritis,

45 702 86 752 Et
96 700 222 768 placeat,
235 701 335 766 quippe
347 701 500 767 egregium,
510 707 685 768 prosternere
696 702 718 755 fr

47 771 181 833 Hostem
192 769 241 821 sed
252 768 339 820 Fabio
350 769 389 819 sic
400 782 449 820 ros
460 784 584 821 servasse
595 770 724 838 triumphi

47 840 136 893 Plena
146 838 196 891 tibi
208 845 300 890 castra
309 844 391 905 atque
402 839 522 888 intactus
533 837 643 889 vulnere
653 840 729 892 miles

48 908 190 959 Creditum
201 905 252 958 hos
261 907 341 958 nobis
351 908 417 968 (erit
426 905 495 959 haec
506 907 555 959 u'bi
565 907 664 975 glorie)
676 910 735 961 reor

47 979 107 1028 lam
119 976 356 1042 ceruesLibycum
367 975 439 1028 huuc
450 977 521 1029 valio
528 977 661 1028 assultare
671 978 741 1030 lcum

48 1046 108 1097 lam
115 1046 233 1113 praedas
244 1045 343 1097 offerre
354 1046 419 1108 tibi,
430 1047 485 1101 iam
494 1040 601 1098 vertere
612 1053 699 1115 terga,

48 1115 263 1183 Respectentem
279 1115 362 1178 adeo,
378 1121 459 1182 atque
474 1117 529 1166 iras
553 1131 614 1167 cum
629 1115 726 1169 froude
742 1133 752 1167 r

524 1190 659 1251 quentem.

49 1252 161 1314 Claude,
173 1266 232 1314 oro,
245 1258 350 1316 custra;
363 1255 660 1319 etcuuctasspeseripe
671 1269 761 1321 pugno

47 1322 127 1374 Haec
138 1322 277 1373 monuisse
287 1323 362 1374 sctis.
391 1320 446 1373 Sed
457 1323 481 1372 si
492 1337 667 1388 compescere
679 1324 764 1376 cordo

47 1391 109 1442 Nou
120 1390 201 1442 datur
212 1393 314 1454 oranti,
325 1406 424 1459 magno
435 1398 463 1443 te
472 1392 532 1443 iure
544 1392 648 1460 pioque!

48 1460 178 1511 Dictator
189 1474 288 1526 capere
300 1475 376 1512 arma
383 1466 456 1512 reto.
476 1459 521 1512 Sic
532 1467 624 1512 castra
633 1463 781 1529 relinquens

53 1529 174 1582 Vallarot
184 1531 308 1592 monitis,
320 1546 353 1582 ac
363 1545 393 1581 se
403 1530 542 1582 referebat
554 1531 588 1582 od
599 1532 708 1582 Urbem.

59 1599 121 1651 icoo
134 1604 226 1650 cutem
236 1598 303 1650 flatu
314 1600 408 1651 classis
420 1597 572 1651 Phoenissa
582 1600 702 1651 secundo

67 1671 148 1720 »itera
159 1669 270 1721 Caietae
280 1669 551 1736 Laestrygoniosque
562 1683 687 1720 recessus

72 1736 180 1789 rloabat
190 1740 302 1801 rostris,
313 1744 462 1804 portusque
472 1739 590 1787 intraret
600 1743 720 1802 opertos,

78 1825 83 1855 ·.
94 1812 173 1857 totus
184 1807 270 1859 multo
283 1806 428 1873 spumabat
437 1807 540 1872 remige
552 1810 665 1870 pontus3

85 1892 114 1927 m
123 1877 249 1942 trepidas
260 1875 371 1927 fremitu
382 1876 477 1926 vitreis
490 1889 506 1925 e
516 1873 626 1926 sedibus
639 1874 709 1925 entn'

89 1959 206 2013 puoreoe
217 1945 315 2013 pelago
326 1944 406 1997 simul
416 1959 553 1996 emersere
563 1958 682 2007 sorores,

95 2029 227 2082 possessa
237 2014 331 2067 vident
339 2013 445 2067 infestis
456 2013 539 2065 litora
549 2015 647 2081 proris.

101 2100 118 2134 u
129 2097 230 2151 magno
241 2099 372 2152 percussa
382 2090 456 2135 metu
467 2083 568 2134 Nereia
577 2083 667 2146 turbu,

107 2154 187 2204 uitae
198 2168 315 2219 propere
327 2151 448 2203 refluunt
458 2153 493 2203 ad
503 2153 596 2203 limina
606 2158 681 2212 notu,

115 2222 164 2273 boi
175 2221 266 2273 medio
277 2227 391 2289 surgunt
403 2237 456 2289 qua
465 2237 551 2289 regua
561 2220 707 2286 profundo,

118 2293 248 2358 iceaeque
260 2290 357 2357 procul
367 2291 454 2342 sedes.
474 2291 639 2342 immunisiu
652 2295 731 2340 antro

123 2362 181 2411 itur
191 2361 308 2427 abrupto
319 2359 450 2423 Proteus,
462 2375 495 2411 ac
507 2375 620 2427 spumea
629 2359 685 2409 lato

128 2429 180 2481 bus
192 2429 307 2481 obiectis
317 2429 434 2480 reiectat
444 2429 567 2491 caerula,
578 2433 663 2479 ratos.

136 2504 229 2566 tquum
235 2499 291 2561 (sat
296 2513 396 2566 guarus
404 2498 474 2549 enim
480 2511 627 2567 rerumque
632 2498 794 2563 memsmex

141 2568 203 2619 uias
213 2567 279 2621 lusit
287 2567 410 2634 formas,
420 2573 450 2622 et
458 2570 565 2625 terruit
573 2570 634 2624 atri

150 2638 186 2690 tis
192 2642 335 2722 possumis,
346 2640 557 2716 horrendaque
567 2641 656 2699 simitu
664 2637 771 2696 torsus

153 2715 213 2763 uuit
225 2717 311 2772 torro
325 2723 461 2773 mutatus
472 2713 731 2775 memmimus,
