1920 2962
197 146 250 198 14⁰
398 146 427 196 C.
458 142 564 197 SlLll
594 141 757 196 {Taele}

196 266 339 318 Nascitur:
351 270 380 316 at
391 279 472 316 rarae
484 263 590 316 fumant
600 263 725 314 felicibus
737 277 813 313 arae.

152 336 187 389 00
197 336 270 386 lium
280 335 370 385 Roma
380 336 507 402 antiquos
517 335 626 401 tonsplis
636 333 733 383 indicit
744 329 870 385 bonores

195 407 254 456 lam
264 404 380 467 Fabius,
391 405 478 455 tacito
490 403 643 471 procedens
655 403 776 469 agmine,
788 409 819 453 et
830 413 871 453 art

194 474 318 526 Bellaudi
329 474 405 525 lento
417 474 524 536 similis,
536 473 724 541 praecluserat
735 487 832 524 ornnes

193 546 389 612 Fortunaeque
400 542 527 612 hostique
537 545 605 594 vias.
624 540 776 593 Discedere
787 543 871 609 signis

195 615 278 665 Haud
291 615 410 666 licitum:
429 628 618 682 summumque
635 613 734 673 decus,
752 626 807 678 quo
824 611 871 662 toll

677 686 751 731 astra

152 753 185 804 05
198 754 323 820 Imperii,
334 754 474 815 Romane,
487 758 585 818 caput,
597 764 695 818 parere
707 750 838 801 docebat.

195 823 300 875 Verum
322 823 369 875 ubi
391 825 480 890 prima
494 823 562 874 satis
585 826 736 940 conqulcta
754 820 781 870 iu
806 836 871 871 mon

698 891 734 940 tis

195 960 279 1030 Signo
290 962 386 1029 procul
392 998 401 1025 ,
414 961 543 1027 fulsitque
554 962 631 1010 novis
642 961 780 1010 exercitus
792 963 871 1012 armis

194 1033 325 1081 Arrectae
337 1044 400 1097 spes
411 1028 556 1093 Sidoniae3
568 1028 711 1097 fervetque
723 1030 854 1082 secundis

192 1102 333 1153 Fortunae
344 1100 458 1151 iuvenis.
477 1097 613 1151 Vincendi
624 1099 684 1150 sola
695 1097 814 1162 videtur,

131 1173 183 1224 100
199 1172 279 1234 Quod
300 1170 420 1222 noudum
443 1170 572 1221 steterint
592 1171 680 1232 acies,
692 1183 793 1238 ,meroz
820 1169 871 1222 Per

673 1239 788 1290 clamat:

192 1312 234 1362 lte
245 1311 309 1375 citi3
321 1311 392 1360 ruite
404 1308 439 1360 ad
450 1314 561 1376 portas3
573 1308 718 1377 propellite
729 1308 831 1359 vallum

192 1380 368 1431 Pectoribus.
383 1380 521 1440 Quantum
529 1381 620 1446 campi
626 1379 768 1440 distamus,
782 1378 818 1429 ad
830 1394 871 1431 um

192 1451 314 1500 Tantum
325 1446 399 1499 hosti
404 1453 539 1514 superest.
550 1448 665 1501 Resides
673 1449 708 1500 ad
718 1448 871 1502 bellavere

194 1521 262 1581 Quis
273 1517 377 1586 pudeat
387 1523 509 1581 certare,
521 1532 609 1571 senes.
631 1519 821 1587 Quodcunque
832 1522 871 1572 vit

131 1590 182 1642 105
194 1589 258 1640 Hoc
270 1588 404 1656 reliquum
420 1594 476 1651 est,
492 1590 581 1655 primo
599 1590 771 1652 damnatum,
787 1596 820 1639 ut
835 1591 871 1640 lm

671 1659 752 1710 bello.

193 1729 244 1792 En,
255 1728 302 1781 ubi
312 1744 384 1780 nunc
397 1728 526 1792 Gracchi,
539 1735 622 1796 atque
634 1728 681 1780 ubi
692 1745 764 1779 nunc
775 1737 841 1780 sunt
852 1729 871 1780 fr

671 1800 819 1867 nugentis'

192 1866 355 1936 Scipiadae?
365 1871 440 1922 Pulsi
451 1871 571 1920 Ausonia
581 1884 635 1919 non
647 1875 711 1921 ante
722 1874 870 1936 paventem

192 1939 328 1991 Dimisere
338 1940 445 2007 fugam,
458 1954 539 2006 quam
549 1945 641 1990 terror
652 1939 686 1988 ud
698 1939 795 1989 ultima
805 1956 871 1991 mun

193 2008 388 2075 Oceanumque
400 2007 474 2057 tulit:
487 2009 620 2078 profugus
632 2024 704 2060 nune
716 2016 791 2060 errat
801 2016 871 2062 uter<

130 2077 182 2125 ild
194 2077 312 2128 Nomina
322 2082 417 2127 nestra
427 2083 562 2141 tremens,
573 2084 602 2129 et
612 2081 686 2145 ripas
697 2085 790 2130 servat
800 2080 871 2132 Hibe

192 2147 243 2197 Est
255 2146 352 2208 etiam,
364 2161 412 2196 cur
422 2146 557 2198 Flaminio
568 2146 634 2198 mihi
645 2149 735 2216 gloria
746 2164 829 2201 caeso

192 2216 329 2275 Creverit,
342 2221 370 2265 et
381 2216 467 2267 titulis
480 2216 565 2268 libeat
577 2233 626 2269 cur
638 2220 722 2287 ligere
734 2222 838 2272 nostris

193 2284 311 2335 Crudum
321 2286 412 2335 Marte
425 2286 474 2335 viri
486 2302 593 2338 nontcn.
615 2289 690 2350 Quot
699 2289 811 2340 demere
822 2296 871 2351 nc'r

193 2354 265 2404 lluic
277 2368 362 2405 annos
372 2355 459 2405 Fabio
471 2354 577 2422 gladius
588 2357 673 2409 valet!
685 2365 817 2419 ettamen
829 2376 871 2412 aut

130 2422 183 2474 115
195 2424 308 2474 Audeat.
328 2423 410 2474 Haud
421 2424 494 2474 ultra
505 2424 570 2477 laxo
582 2434 724 2495 spectetur
733 2430 761 2479 in
775 2431 868 2481 armis.

193 2493 272 2544 Talia
283 2493 437 2545 vociferans
451 2494 556 2546 volucri
567 2498 640 2564 rapit
651 2499 760 2566 agnnns
771 2514 864 2565 eursu,

186 2561 243 2625 Ac,
255 2570 420 2630 praevectus
431 2577 517 2634 equo,
532 2583 604 2618 nunc
622 2567 721 2618 dextra
737 2574 871 2634 provocat

679 2644 762 2695 stetu,

166 2701 261 2761 Nune
271 2723 350 2766 voce
360 2710 540 2782 increpitat,
550 2707 642 2758 missa
648 2717 725 2751 nunc
735 2686 871 2749 emundate
