1920 2962
149 148 406 203 PUNICORUM
435 151 514 203 ΜΒ.
533 150 594 204 XII.
699 158 750 207 241

44 287 91 325 aec
111 268 349 339 poae'aggrcssus
370 272 449 334 (nam
470 269 589 323 frontem
615 273 751 328 clauserat

488 355 521 391 ae
540 355 592 391 uor

44 410 134 471 uenia,
145 423 201 459 non
209 408 278 460 allas
289 409 374 460 valuit
383 356 553 477 perfringesse
566 343 675 462 Pbenus

44 486 88 533 uta
98 478 170 529 mole
181 479 248 540 vias,
261 476 415 545 frustraque
426 479 559 546 inglorius
570 481 629 530 ausi

44 549 136 601 rlsavit
147 549 272 614 quatiens
282 547 437 599 obstructas
448 549 534 600 ariete
545 555 648 614 portas.
775 553 810 602 40

44 618 111 670 nbat
122 616 275 666 Cannarum
287 616 372 668 Graia
382 617 417 667 ad
427 619 576 668 munimina
584 619 674 670 ustor
752 650 761 660 .

44 685 212 755 equidquam,
223 692 251 736 et
262 691 359 736 cautae
370 688 468 738 mentis
480 688 605 738 consulta
615 688 751 754 probabat

44 762 129 818 centu,
139 755 185 821 qui
194 760 257 820 post
267 755 358 804 Dauni
368 757 523 822 stagnantia
533 770 618 824 regna

44 826 150 893 nguine
162 825 297 890 'l'arpeias
307 825 348 873 ire
358 823 533 876 abstinuisset
543 825 578 877 ad
589 841 677 877 arces.

43 910 64 957 ι,
76 895 123 961 qui
132 908 183 944 uos
193 908 300 961 segnes,
313 899 342 942 et
351 894 458 945 nescire
469 894 570 945 addere
582 907 689 947 cursum
775 898 809 948 45

44 965 88 1015 ctis
97 963 217 1024 laetatis,
230 962 303 1029 quod
313 962 390 1013 vobis
401 964 533 1014 scandere
543 978 630 1030 nuper

44 1050 72 1085 in
83 1034 144 1084 acie
157 1044 191 1081 ex
200 1034 260 1097 ipsa
272 1046 430 1083 concessum
441 1034 549 1084 moenia
560 1033 678 1098 Romae;

44 1108 124 1164 irate,
138 1106 221 1167 atque
233 1099 327 1165 epulas
337 1103 484 1165 promissas
496 1102 561 1152 sede
573 1104 708 1154 Tonantis

44 1188 68 1235 s,
81 1183 154 1240 quae
167 1168 355 1218 Graiumauus
366 1168 496 1232 defendit,
509 1171 614 1222 reddite
626 1174 715 1224 tectis.

44 1242 90 1293 ulia
101 1237 234 1298 iactabat,
245 1235 389 1304 famaeque
400 1238 504 1305 pudore
516 1240 633 1304 futurae,
774 1243 808 1295 to

44 1310 105 1362 itus
117 1310 230 1374 incepta
241 1308 342 1373 plinius
354 1308 376 1357 si
388 1308 533 1360 absisteret
543 1309 619 1373 urbe,

49 1379 136 1431 debat
147 1382 256 1439 cuncta,
267 1382 349 1444 atque
360 1377 478 1428 acuebat
489 1377 629 1430 fraudibus
640 1396 727 1433 enses.

50 1449 64 1500 l
75 1448 183 1500 subitae
193 1447 277 1497 muris
288 1444 422 1509 flammae,
433 1452 547 1514 totoque
558 1447 679 1501 fluebant

54 1519 122 1587 geris
134 1515 259 1568 anfractu
271 1516 326 1566 tela
337 1517 485 1582 improvisa
495 1532 544 1582 per
554 1532 642 1569 auras.

58 1587 92 1639 ud
104 1601 193 1648 secus,
205 1586 324 1636 occuluit
334 1587 393 1635 sari
406 1600 474 1652 quos
484 1587 586 1636 vertice
598 1585 670 1638 fetus
772 1590 806 1640 55

63 1674 71 1708 ι
83 1655 158 1706 fulva
168 1654 247 1718 iovis,
260 1657 346 1705 tacito
357 1656 380 1705 si
389 1655 424 1704 ad
437 1654 555 1705 culmina
565 1657 625 1705 nisu

69 1727 107 1778 sit
117 1738 237 1791 serpeus,
248 1729 388 1790 terretque
399 1724 567 1789 propinquus
579 1720 669 1786 hiatu3

78 1793 188 1846 hostem
199 1800 289 1845 rostro
301 1798 383 1859 atque
396 1792 512 1842 assuetis
522 1789 636 1840 fulmina
646 1790 718 1842 ferre

77 1864 150 1915 ribus
161 1865 309 1925 incessens,
319 1860 375 1911 nidi
386 1859 565 1911 circumvolat
576 1859 679 1911 orbem.

79 1934 135 1985 lein
146 1932 180 1983 ad
190 1934 293 1983 vicinos
306 1933 451 1982 cumarum
462 1935 571 1980 vertere
582 1935 677 1996 portus
774 1932 806 1982 60

84 2018 142 2055 ssus
153 2001 263 2069 subigit,
273 2002 403 2068 varioque
413 1999 548 2051 lacessere
559 2006 636 2052 motu

88 2087 168 2134 inam,
180 2076 209 2122 et
218 2070 308 2122 famae
320 2069 454 2121 turbando
467 2069 577 2120 obstare
588 2071 721 2124 sinistrae.

92 2147 169 2193 ustos
179 2141 240 2191 urbi
251 2139 406 2202 Gracchus,
418 2139 504 2191 tutela
514 2139 559 2190 vel
566 2140 632 2206 ipsis

97 2226 124 2274 r,
139 2209 260 2271 arcebat,
271 2210 364 2270 muris,
375 2209 528 2277 iterumque
535 2209 640 2272 sedere,

101 2286 203 2348 satque
214 2280 304 2330 aditus
314 2279 413 2329 iterum
425 2293 537 2345 sperare
547 2280 667 2331 vetabat.
774 2280 807 2331 65

105 2356 125 2403 rt
133 2352 214 2416 inops
224 2349 315 2411 ammi,
326 2348 494 2466 rimaturcssue
506 2350 597 2399 omnia
607 2350 709 2399 circuni

109 2426 186 2471 ectus
197 2432 276 2486 equo,
288 2430 435 2483 rursusque
466 2417 600 2467 ortatibus
609 2418 675 2467 inilt'

113 2506 136 2540 n
156 2489 261 2556 agitare
283 2502 360 2539 suos.
383 2482 437 2536 Pro
454 2485 505 2569 Di,
526 2486 585 2569 quis
606 2488 752 2551 terminus,

121 2627 165 2676 ies
175 2627 268 2680 standi
280 2627 393 2694 Graias,
407 2560 633 2684 oblitffibxtum

126 2696 256 2819 {offen
264 2701 329 2768 quis
341 2703 399 2756 erit
411 2702 542 2760 modost
557 2699 784 2833 hlaibosxastai
830 2680 878 2730 Ἢ
