1920 2962
144 156 196 210 154
335 154 364 205 C.
394 150 501 205 sibu
526 149 694 206 irnblol

144 278 192 329 Bis
202 280 308 341 septem
319 272 438 325 demissa
446 273 517 335 neci,
527 286 580 323 neo
588 271 714 324 substitit
723 286 826 340 agnuam

143 345 242 397 Milia:
252 343 295 394 bis
307 346 421 410 septem,
433 354 503 409 quae
512 355 567 391 uon
579 340 719 394 sollertior
729 356 802 405 oasa,

83 417 135 468 410
147 413 201 466 Sed
212 429 298 481 genus
308 413 430 479 insignis,
441 411 520 461 iustis
531 409 651 461 ducebat
660 412 688 462 in
701 412 784 463 armis

145 483 266 545 Fulvius,
279 485 322 533 ast
333 495 419 548 aequo
430 494 479 546 per
489 493 608 547 corpora
616 477 680 532 fusa
688 481 825 531 iacentum

146 553 265 620 Raptum
281 552 335 601 iter
351 555 408 613 est,
428 549 571 616 victorque
586 561 703 669 morarrds¹
713 563 768 601 non
787 560 872 616 passus

620 632 673 669 eun
694 621 711 669 ⁰.

146 689 300 755 Exsequias
313 692 420 740 tantum
429 686 532 737 famam
543 701 698 755 nomenque
708 687 840 740 volentem

145 758 278 810 Mitilicaa
288 759 386 809 mentis
397 762 543 808 tenuerunt
553 755 649 807 funere
659 757 743 808 laeto.

83 828 136 880 lib
147 827 271 896 Namque
287 843 332 895 per
350 826 463 878 insidias
481 824 670 890 (infanduml)
685 831 715 877 at
730 826 764 878 ab
776 824 872 894 hospita

620 909 728 959 caesus,

146 967 316 1033 colloquium
327 970 356 1015 et
365 965 502 1031 promissa
511 966 582 1029 petit
592 965 656 1015 dum
672 965 781 1032 perfida
795 966 873 1037 gantis

144 1037 284 1096 Lucanae,
298 1031 448 1095 Gracchus,
461 1047 546 1084 caeco
558 1033 743 1087 cucumdatus
756 1041 824 1099 astu,

146 1105 303 1167 Occiderat,
314 1102 477 1170 laudemque
487 1101 574 1169 Libys
585 1102 713 1170 rapiebat
723 1102 855 1156 humandi

145 1174 200 1228 Sed
210 1190 279 1238 non,
294 1179 325 1225 ut
335 1175 434 1225 scitum
445 1171 566 1224 celerare
578 1172 613 1224 ad
629 1175 740 1226 moenia
750 1175 873 1234 Poenum,

81 1245 134 1296 480
144 1244 279 1296 Adstabat
287 1258 332 1294 res
342 1242 398 1294 ulla
407 1242 478 1293 loco,
508 1243 565 1293 lam
578 1243 678 1294 Consul
687 1249 805 1313 uterque

143 1313 313 1377 Praecipites
326 1311 453 1375 aderant3
465 1310 537 1362 Nola
545 1313 585 1364 ris
599 1313 695 1376 omnis,
708 1319 738 1366 et
747 1316 826 1382 Arpis

143 1382 208 1433 Aeni
219 1379 342 1430 floridior
351 1379 452 1430 Fabius
463 1381 561 1447 rapida
571 1397 649 1434 arma
657 1382 781 1448 ferebat;

142 1450 214 1502 Hinc
224 1447 312 1510 Nero,
324 1452 352 1499 et
361 1446 424 1499 binc
434 1449 559 1502 volucres
571 1450 678 1503 Silanus
690 1458 775 1505 nocte
786 1453 872 1521 dieque

142 1517 304 1586 lmpellebat
314 1533 397 1587 agens
408 1526 557 1587 properata
569 1522 603 1572 ad
613 1521 687 1573 bella
698 1521 834 1576 cohortes.

80 1590 132 1642 485
144 1589 268 1656 Undique
286 1589 463 1652 conveniunt,
483 1591 640 1659 pariterque
661 1606 803 1659 opponere
818 1606 872 1644 cur·

619 1666 680 1712 ctos

142 1731 194 1782 Uni
205 1729 334 1781 ductores
344 1729 435 1780 iuveni
445 1729 543 1796 placet.
572 1729 679 1781 Arduus
689 1731 749 1798 ipse

142 1799 237 1853 Tifata
245 1800 348 1863 insidit,
359 1799 472 1868 propior
483 1814 536 1866 qua
545 1800 688 1852 moenibus
698 1803 786 1853 instat

141 1870 236 1931 Collis,
249 1877 277 1921 et
288 1886 302 1921 e
313 1870 423 1921 tumulis
434 1868 585 1921 subiectam
596 1868 715 1937 despicit
723 1871 826 1924 urbem.

139 1939 244 1990 Verum
256 1938 316 1999 ubi,
327 1945 370 1989 tot
380 1955 440 1990 sese
452 1937 731 1992 circumfundentibus
743 1943 833 2004 arniis,

79 2006 130 2057 490
142 2005 266 2058 Vallatus
277 2007 382 2056 socium
392 2015 496 2074 portas,
507 2022 615 2075 unaque
626 2012 723 2077 negari

139 2074 287 2126 intravisse
298 2075 357 2138 sibi,
369 2075 533 2146 Capuaeque
546 2093 690 2145 erumpere
702 2083 800 2143 cernit,

139 2143 239 2194 Anxius
251 2143 391 2208 adventus,
402 2163 473 2198 nunc
485 2147 559 2199 ferro
570 2147 698 2216 frangero
712 2156 822 2202 coetum

140 2211 303 2264 Obstantum
314 2215 473 2267 meditatur:
489 2217 539 2268 init
550 2233 621 2269 nunc
633 2219 694 2268 avia
707 2226 808 2288 coepto

140 2281 267 2344 Consilia,
278 2287 359 2350 atque
372 2290 432 2335 astu
444 2289 551 2353 quaerit
560 2292 604 2339 tot
615 2287 700 2339 millia
710 2291 800 2356 portis

80 2351 130 2404 495
141 2349 306 2403 abstrahere
318 2355 426 2416 artatis,
439 2356 597 2423 cinctosque
608 2357 749 2412 resolvere
761 2373 858 2410 muros.

140 2419 186 2472 Sic
196 2424 280 2489 igitur
291 2438 392 2486 secum,
405 2439 537 2491 curasque
548 2427 590 2477 ita
600 2427 684 2478 corde
694 2426 810 2498 fatigatx

141 2491 219 2552 Quo,
240 2506 315 2545 mons
339 2508 441 2562 aegra,
462 2494 568 2546 vocasl
595 2496 735 2551 Rursusne
756 2496 873 2566 periodo

615 2582 733 2629 sumam,

125 2631 192 2686 Non
206 2648 316 2705 aequus
325 2631 529 2705 regioneloci‘i
541 2634 811 2697 bapuaquamnsnta

124 2708 227 2780 Terga
238 2707 338 2763 dabol
351 2723 402 2771 an,
411 2702 547 2758 residens
555 2699 758 2749 sisinnatium
763 2699 879 2755 montis,
