1920 2962
179 180 231 235 roo
381 183 409 231 c.
437 178 538 231 siun
558 156 731 231 'uranici

179 301 239 351 lias
247 302 319 351 iuter
330 306 437 367 strages
447 298 546 365 rapido
555 304 661 349 terrore
671 299 765 349 coorti
808 314 813 319 ·

178 368 312 420 Invadunt
322 374 410 436 terga,
422 375 503 436 atque
515 381 612 418 averso
624 366 733 418 turbine
744 369 867 422 miscent

177 437 256 490 Bella
264 439 377 506 inopina
387 438 446 500 viri,
457 438 559 502 Tyrius
570 450 638 504 quos
650 433 747 488 fallere
758 436 861 491 doctos

179 509 258 558 Hanc
268 509 355 574 ipsam
368 521 475 574 pugnae
486 510 580 556 rector
589 504 725 557 formarat
735 505 773 555 ad
784 514 888 559 mtemt

118 577 168 627 19⁰
181 575 374 643 succinctique
385 575 463 638 dolis,
474 574 602 641 fugerent
613 589 665 625 ceu
674 573 784 625 Punica
794 583 896 639 castra,

179 646 348 697 Dediderant
358 646 477 696 dextras.
502 645 572 694 Turn
583 643 650 694 totis
662 642 801 695 mentibus
812 652 903 697 actara

178 716 209 765 ln
220 715 319 766 caedes
331 716 418 765 aciem
427 728 498 779 pone
510 718 592 780 atque
601 713 630 763 in
642 717 723 779 terga
732 720 849 767 ruentes

178 785 373 851 Praecipitant.
409 781 472 834 Non
482 781 562 832 hasta
572 782 655 843 viros,
665 796 721 831 nou
733 781 832 834 deficit
841 785 915 835 enus.

179 854 201 904 E
214 859 306 921 strage
319 860 361 904 est
373 852 488 914 ferrum,
504 858 586 918 atque
603 849 697 900 evirlsa
708 850 847 904 cadavere
857 852 913 903 tela

120 922 168 972 tot
180 923 298 989 Raptum
310 922 398 973 Galba
409 919 505 987 procul
515 923 619 986 (neque
635 918 707 970 enim
722 921 835 974 virtutis
846 936 912 973 amo·

652 1003 711 1039 rem

177 1057 298 1110 Adversa
308 1060 441 1110 exemisse
451 1058 554 1121 nalem)
565 1064 596 1108 ut
605 1058 673 1110 uidit
684 1058 719 1109 ab
731 1056 816 1112 hoste

177 1127 284 1180 Auferri
295 1131 410 1198 signum,
422 1129 549 1179 connisus
560 1142 677 1194 corpore
687 1133 750 1179 toto

176 1198 319 1251 Victorem
331 1198 493 1266 assequitur,
503 1196 632 1265 letalique
644 1206 766 1263 occupat
773 1200 842 1253 ictu.

175 1268 213 1316 Ac
225 1266 287 1316 dum
304 1281 495 1334 comprensam
505 1281 587 1317 casso
598 1266 632 1318 de
644 1281 763 1332 corpore
775 1270 900 1337 praedm

116 1338 165 1386 200
176 1334 286 1396 avellit,
296 1336 429 1402 tardeque
439 1349 535 1386 manus
546 1336 709 1387 moribunda
719 1340 847 1403 remittit,

176 1403 335 1454 Transiixus
345 1403 437 1470 gladio
449 1419 566 1471 propere
579 1408 749 1457 accurrentis
760 1410 870 1478 Amorgi

176 1473 293 1535 Occidit,
303 1474 460 1524 immoriens
471 1476 577 1541 magnis
589 1490 643 1525 non
654 1490 806 1543 prosperus
816 1479 891 1531 auus

176 1542 253 1593 Haec
263 1544 344 1604 iuter,
355 1543 438 1594 veluti
450 1543 570 1594 nondum
583 1545 713 1595 satiasset
722 1546 805 1613 Enyo

174 1612 231 1662 lras
244 1626 327 1663 saera
336 1618 437 1675 truces,
448 1613 583 1663 sublatum
595 1613 708 1681 pulvere
719 1630 847 1684 campum

115 1681 164 1730 rot
178 1681 328 1734 Vulturnus
339 1689 422 1745 rotat,
434 1688 462 1733 ct
472 1682 621 1735 candentes
630 1689 745 1750 torquet
754 1700 859 1738 arenas

174 1752 286 1822 lamque
296 1753 463 1805 reluctantes
473 1752 591 1804 stridens
599 1756 717 1803 immane
728 1757 851 1820 procella

174 1821 228 1873 Per
237 1823 347 1892 longum
359 1824 421 1875 tulit
432 1822 465 1872 ad
477 1823 565 1888 campi
577 1837 713 1888 suprema,
724 1827 852 1894 cumque

173 1890 297 1943 Afflictos
308 1895 374 1957 ripis
384 1892 517 1942 tumidum
530 1891 660 1942 demersit
670 1893 697 1941 in
710 1907 827 1946 amnem.

172 1961 228 2010 Hic
238 1960 287 2010 tibi
299 1961 359 2009 finis
371 1966 440 2021 erat,
450 1967 539 2011 metas
551 1959 594 2011 hic
605 1960 717 2012 Aufidus
730 1966 794 2017 acri

114 2028 163 2076 210
174 2026 307 2078 servabat
318 2030 414 2091 tacito,
426 2044 480 2079 nou
491 2029 555 2080 felix
568 2031 659 2091 Curio,
670 2029 736 2082 leto.

173 2096 310 2163 Namque,
327 2096 419 2149 furens
431 2101 512 2150 animi
525 2100 589 2150 dum
599 2105 778 2152 consternata
788 2104 898 2152 moratu

172 2167 299 2231 Agmina,
311 2172 339 2215 et
349 2170 477 2233 oppositu
490 2170 674 2220 membrorum
685 2171 785 2222 sistere
798 2172 885 2227 certat

173 2235 202 2283 ln
215 2248 348 2299 praeceps
360 2252 458 2303 magna
468 2239 614 2305 propulsus
623 2238 696 2290 mole
709 2248 837 2292 ruentum

174 2304 304 2354 Turbatis
315 2302 439 2354 hauritur
448 2309 534 2373 aquis,
545 2307 685 2375 fundoque
695 2308 808 2361 volutus
914 2324 920 2333 ·

112 2372 162 2420 215
176 2373 315 2424 Hadriaca
325 2374 410 2424 iacuit
420 2376 476 2424 sine
487 2380 596 2430 nomine
606 2379 703 2429 mortis
713 2394 807 2430 arena.

172 2442 270 2508 ingens
282 2443 354 2494 ferre
365 2443 445 2506 rnatu,
458 2451 486 2495 et
496 2447 636 2498 Fortunae
645 2447 764 2498 subdere
776 2446 847 2499 colia

170 2510 296 2573 Nescius,
308 2515 423 2565 adversa
434 2514 524 2566 fronte
535 2517 691 2567 incurrebat
700 2517 728 2566 in
739 2532 817 2567 arm

167 2582 335 2636 Vincentum
348 2585 468 2647 Consui3
477 2587 734 2653 persununmmtius
740 2586 833 2645 mour,

154 2657 177 2707 Α
183 2662 253 2728 tque
266 2659 383 2708 animos
392 2658 453 2707 iam
464 2656 528 2706 suia
536 2652 857 2705 umatnuueiamnnuss,
892 2675 896 2685 ·

75 2726 139 2779 220
151 2731 229 2785 Cum
247 2728 407 2784 Viriathus
418 2742 512 2796 agens
519 2722 599 2783 teus,
605 2716 874 2782 nequatuffimsm
923 2742 926 2747 -
