1920 2962
184 188 218 239 16
373 189 401 239 C.
432 185 536 240 SlLll
566 186 727 238 l'l'llLlGl

125 312 176 361 200
187 311 275 375 Atque
287 310 363 358 auxit
377 307 512 374 quondam
524 307 638 357 Laertia
653 321 737 374 regna
752 302 927 371 Zacynthos.

183 377 315 428 Firmarit
326 382 421 428 tenues
433 382 510 427 ortus
520 391 583 427 mox
593 376 701 426 Daunia
710 376 805 442 pubes,

184 445 262 496 Sedis
273 447 352 511 inops
363 464 369 509 3
380 447 454 496 misit
463 445 541 511 largo
553 459 634 512 quum
645 444 720 495 dives
730 445 851 505 alumno,

183 515 364 581 lllagnanimis
373 519 488 581 regnata
498 515 572 576 viris,
583 528 654 563 nuno
664 513 753 564 Ardea
762 525 872 563 nomen.

183 583 312 635 Libertas
323 584 430 650 populis
440 589 523 649 pacto
534 589 651 644 servate,
662 581 798 649 decusque

125 654 174 704 295
186 653 335 717 Maiorum3
356 659 384 702 et
395 652 494 703 Poenis
505 652 566 702 urbi
574 652 733 717 imperitare
743 656 885 719 negatum.

183 722 317 772 Admovet
329 722 445 788 abrupto
456 720 601 790 flagrantia
612 719 724 771 foedere
736 720 835 770 ductor

186 790 312 842 Sidonius
325 797 430 854 castra,
443 798 471 842 et
480 792 552 842 latos
564 791 651 859 quatit
663 791 769 858 agmine
781 802 907 855 campos.

184 862 246 927 lpse
259 868 342 927 ceput
354 877 484 928 quassans
496 860 725 912 circumlustrauit
734 856 832 908 anhelo

184 930 279 980 Muros
289 944 386 979 saevus
398 944 477 995 equo,
489 943 651 994 mensusque
663 929 792 993 paventia
801 931 890 988 tecta,

121 997 174 1047 300
185 998 309 1048 Pandere
320 996 478 1047 iamdudum
488 1002 592 1062 portas,
605 1011 637 1046 00
647 997 745 1047 cedere
756 996 827 1046 vello

182 1068 317 1132 Imperat3
337 1070 365 1116 et
376 1064 456 1133 longe
468 1065 567 1115 clausis
576 1080 627 1115 sua
637 1063 760 1128 foedera,
772 1065 853 1131 longe

183 1137 330 1186 Ausoniam
340 1134 409 1196 lore,
420 1149 471 1185 nec
482 1137 577 1185 veniae
594 1149 670 1200 spem
685 1136 776 1186 Marte
786 1133 926 1186 subactis:

185 1203 389 1265 ScitaPatrum,
398 1204 777 1271 etleges,etiura,fidemque,
792 1203 928 1271 Deosque

185 1275 215 1323 ln
226 1273 323 1324 dextra
335 1288 406 1323 nunc
416 1287 477 1324 esse
486 1287 549 1324 suu:
567 1274 652 1324 verba
662 1274 739 1324 ocius
750 1287 815 1324 acer

124 1342 174 1392 305
185 1344 292 1393 lntorto
303 1343 391 1392 sancit
399 1341 499 1404 iaculo,
510 1342 622 1410 figitque
632 1358 682 1409 per
691 1358 767 1393 amia

184 1410 307 1462 Stantem
320 1426 369 1477 pro
381 1426 468 1474 muro,
480 1417 509 1462 et
518 1413 688 1463 minitantem
699 1427 770 1462 0000
785 1412 908 1462 Caicum.

186 1481 311 1532 Concidit
321 1482 411 1531 exacti
421 1480 526 1532 medius
539 1497 588 1548 per
597 1483 704 1533 viscera
712 1482 773 1533 teli:

184 1550 338 1616 Effusisque
349 1551 429 1601 simul
438 1556 586 1619 praerupto
600 1566 634 1603 ex
646 1566 746 1619 aggere
756 1550 897 1602 membris.

185 1621 292 1671 Victori
302 1621 420 1671 moriens
435 1620 603 1687 tepefactam
613 1621 707 1673 retulit
718 1618 834 1671 hastam.

123 1688 174 1739 310
187 1692 220 1740 nt
232 1689 316 1740 multo
328 1691 404 1740 ducis
415 1691 567 1756 exemplum
579 1691 698 1742 clamore
709 1690 794 1740 secuti

185 1759 327 1810 lnvolvunt
339 1767 400 1810 atra
410 1760 525 1811 telorum
537 1762 647 1811 moenia
656 1758 735 1810 nube.

185 1832 265 1881 Clara
275 1846 326 1881 nec
336 1832 363 1881 in
374 1846 487 1882 numero
499 1833 584 1882 virtus
595 1831 676 1882 latet:
697 1827 778 1880 obvia
789 1825 908 1892 quisque

187 1902 244 1950 Ora
254 1901 316 1950 duci
328 1907 450 1966 portans,
464 1917 514 1951 ceu
524 1900 598 1951 solus
608 1900 680 1950 bella
692 1896 818 1963 capessit.

185 1969 240 2016 llic
249 1968 373 2017 crebram
384 1967 473 2016 fundit
483 1967 585 2016 Baliari
595 1966 708 2016 verbere
718 1963 853 2030 glandem,

125 2037 177 2088 315
189 2039 298 2101 Terque
308 2036 362 2085 1001
374 2034 457 2084 (10000
467 2036 568 2084 circum
581 2040 663 2100 caput
674 2032 744 2082 altus
756 2030 864 2083 habene

187 2105 352 2155 Permissum
364 2104 450 2152 ventis
462 2102 605 2153 abscondit
614 2105 640 2152 in
652 2116 716 2151 aere
726 2100 819 2151 telum.

188 2174 241 2224 llic
252 2172 342 2223 valido
354 2171 436 2221 librat
447 2170 590 2222 stridentia
602 2184 669 2220 saxa
679 2170 797 2222 lacerto:

187 2244 259 2293 Huic
269 2240 387 2307 impulsa
398 2239 450 2290 levi
460 2244 605 2305 torquetur
614 2239 710 2291 lancea
722 2241 802 2292 nodo.

188 2314 256 2360 Ante
269 2325 363 2361 onmes
377 2309 483 2371 ductor,
496 2310 590 2374 patriis
601 2311 713 2378 insignis
725 2312 752 2361 in
764 2310 856 2371 armis,

126 2383 178 2432 320
189 2380 266 2431 Nunc
278 2381 357 2446 picea
368 2379 455 2428 iactat
465 2370 614 2430 fumante'm
625 2380 753 2446 lampada
762 2379 870 2430 flamma

188 2450 265 2500 Nunc
273 2449 349 2510 sude,
361 2447 538 2510 0000100010,
549 2465 620 2501 0000
630 2449 871 2516 saxisirnpigcrins

188 2521 240 2568 Aut
250 2517 338 2584 hydro
349 2517 476 2581 imbutas,
486 2517 527 2568 bis
538 2521 621 2570 noxia
629 2520 692 2584 tela,
704 2521 819 2587 sagittas

188 2587 333 2638 Contendit
344 2603 437 2647 nervo,
448 2589 749 2656 atqueinsultatfraude
763 2586 860 2654 pharet

186 2658 280 2708 Dacus
291 2663 322 2707 ut
333 2658 467 2709 armiteris
478 2657 591 2711 Geticae
602 2660 705 2711 telluris
715 2661 742 2709 in
754 2659 819 2719 oris,

110 2725 169 2776 325
178 2725 295 2794 Spicula
307 2745 379 2799 quac
391 2730 483 2801 patrio
496 2730 622 2800 gaudens
632 2731 800 2781 0001000000
