1920 2962
205 109 460 166 PUNICORUM
486 114 566 166 LlB.
586 115 634 167 ΙΧ.
751 117 803 179 183

60 232 185 287 Exuvias
195 233 279 300 igitur
289 238 482 301 prostrataque
494 248 612 301 corpora
623 249 721 304 campo
829 236 863 290 85

60 304 189 366 Lustrat,
200 308 228 354 et
238 304 329 354 exutis
338 303 460 354 Mancini
470 304 588 371 cingitur
598 307 689 357 armis.

61 376 175 441 lamque
185 377 275 423 metus
285 372 383 423 levior:
401 386 505 435 rernm,
517 373 562 422 cui
573 372 666 425 demta
676 375 784 428 ferebat

60 441 207 509 Excangui
217 440 314 508 spolia,
325 447 354 492 et
364 442 440 493 cuius
450 441 603 493 nudaverat
612 448 698 507 artus,

59 511 152 564 Natus
164 515 234 573 erat,
240 510 330 576 paullo
342 515 406 561 ante
414 510 499 562 Maca
508 516 664 577 prostratus
677 514 711 564 ab
721 511 810 567 hoste.

59 582 137 633 Ecce
149 578 199 630 sub
212 579 356 630 adventum
368 580 457 630 noctis
468 581 638 648 primumque
649 597 778 649 soporem
831 586 865 636 9⁰

58 649 137 701 Alter
148 653 275 699 natorum
287 646 404 700 Solimus
415 650 531 718 vestigia
540 649 611 701 rallo

57 719 183 771 Ausonio
194 718 259 785 vigil
269 718 415 780 extulerat,
426 718 490 768 dum
502 725 577 770 sorte
587 720 705 772 vicissm

57 789 186 840 Alternat
196 793 293 854 portae
305 786 444 850 excubias,
455 786 602 856 fratrisque
613 790 726 855 patabat

58 857 185 926 Mancini
194 863 311 907 stratum
322 871 420 924 sparsa
428 857 501 907 inter
511 855 608 908 funera
620 872 729 925 corpus,

58 927 177 978 Furtiva
188 927 300 992 cupiens
310 926 440 977 misarum
452 940 617 992 componere
630 933 713 978 terra.
831 927 864 980 oc

59 995 120 1047 Nec
131 996 178 1046 lon
217 1011 244 1045 m
256 995 390 1046 celerarat
399 997 462 1058 iter,
475 1010 537 1045 cum
548 995 661 1046 tendere
671 996 699 1046 in
712 999 794 1049 armis

58 1068 169 1134 Aggere
181 1091 193 1115 i
201 1064 295 1115 idonio
305 1066 459 1115 venientem
471 1065 606 1131 conspicit
616 1062 733 1117 hostem.

60 1134 198 1201 Quodque
208 1133 367 1184 dabatFors
379 1134 407 1183 in
418 1133 514 1184 subitis
521 1148 571 1183 nec
579 1135 802 1201 opinasepulcro

58 1204 149 1256 Aetoli
161 1202 257 1253 condit
267 1201 390 1252 membra
401 1201 541 1252 occultata
552 1200 697 1254 Thoantis.

58 1274 136 1337 lude,
142 1273 190 1323 ubi
200 1271 275 1321 nulla
283 1272 361 1338 sequi
372 1272 562 1338 propiusponc
569 1287 653 1335 arma,
659 1274 801 1340 virumque
812 1275 862 1324 10⁰

57 1344 227 1396 incomitata
237 1340 311 1391 videt
320 1341 437 1408 vestigia
446 1339 519 1392 ferre
531 1357 581 1408 per
591 1342 710 1406 umbras,

56 1412 210 1465 Prosiliens
220 1409 325 1461 tumulo
338 1416 502 1478 contorquet
512 1411 586 1462 nuda
595 1413 716 1478 parentis

57 1484 89 1535 ln
100 1488 195 1550 terga,
210 1477 284 1531 haud
294 1478 409 1543 frustra,
426 1479 557 1531 iaculum:
580 1482 749 1550 Tyriamque
760 1495 802 1532 se·

617 1558 729 1602 uentum

58 1620 185 1674 SatrIcus
196 1633 258 1671 esse
269 1633 380 1669 manum
392 1623 420 1670 et
430 1616 544 1670 Sidonia
553 1568 665 1671 vuliera
677 1621 801 1684 credens,

56 1694 209 1744 Auctorem
222 1690 299 1740 caeci
307 1687 430 1754 trepidus
442 1689 627 1756 circumspicit
636 1692 716 1741 ictus.
812 1689 862 1741 105

57 1760 165 1814 verum
174 1759 223 1811 ubi
232 1760 366 1809 rictorem
376 1757 486 1807 iuvenili
497 1758 597 1808 robore
609 1773 706 1809 cursus

56 1829 167 1891 Attulit,
178 1834 207 1880 et
217 1829 291 1880 notis
301 1827 378 1878 flnlsit
388 1826 435 1877 lux
445 1826 531 1876 tristis
544 1826 578 1876 ab
589 1827 680 1887 armis,

56 1900 264 1966 Fraternnsqne
275 1896 381 1965 procul,
391 1894 457 1945 luna
467 1895 610 1960 prodente,
622 1896 724 1946 retexit

56 1971 128 2021 Ante
140 1967 236 2020 oculos
247 1982 317 2029 sese,
329 1972 359 2017 et
367 1964 484 2016 radiavit
495 1966 644 2016 comminus
655 1965 752 2030 umbo;

57 2037 207 2091 Exclamat
216 2037 332 2099 iuvenis,
344 2035 436 2088 subita
446 2032 599 2086 flammatus
612 2034 646 2086 ab
657 2037 711 2087 ira:
811 2036 862 2086 110

56 2106 122 2160 Non
143 2108 195 2160 sim
216 2106 342 2174 equidem
358 2103 488 2158 Sulmone
508 2111 584 2156 satus
601 2110 664 2225 incl,
685 2103 801 2169 Satrice,

595 2189 646 2241 pro
658 2190 697 2238 es,

55 2245 117 2299 Nec
127 2244 225 2308 frater,
237 2245 375 2307 Mancino,
386 2250 459 2306 tuus,
471 2242 614 2312 fatearque
625 2251 753 2312 nepotem
856 2239 859 2245 ’

56 2316 214 2385 Pergameo
224 2314 366 2382 indignum
377 2311 491 2376 Solimo,
501 2313 524 2365 si
535 2314 651 2366 evadere
663 2315 743 2365 detur

57 2385 133 2437 Huic
144 2391 254 2437 nostras
265 2385 375 2450 impunc
385 2397 490 2434 manus.
511 2384 555 2435 Tu
566 2383 656 2434 nobile
668 2389 760 2451 gestes

59 2454 193 2506 Germani
202 2453 319 2520 spolium
327 2459 391 2503 autc
399 2450 668 2520 oculos,reierasque
678 2451 804 2519 superba,
812 2452 862 2502 115

56 2523 106 2577 Me
116 2525 249 2592 spirante,
260 2522 357 2574 domus
367 2520 497 2588 Pelignae
507 2522 628 2588 perfidus
640 2521 732 2572 arnnal.

57 2592 140 2646 llaec
148 2593 209 2656 tibi,
221 2607 286 2645 cara
294 2607 396 2661 parens
408 2591 493 2656 Aeea,
504 2591 543 2645 ai
551 2592 767 2646 solatialuctus

54 2660 135 2715 Dona
142 2661 243 2728 ieram,
253 2666 316 2720 nati
326 2671 358 2720 ut
369 2665 445 2739 ligas
459 2671 585 2720 aeterna
595 2663 749 2733 sepulcro.
