1920 2962
152 155 203 207 828
353 151 381 201 C.
409 147 513 201 SlLll
540 147 709 204 lTALlGl

150 274 188 325 Et
200 271 340 338 duplicare
353 268 441 334 acies3
452 276 595 321 venturum
607 269 642 319 ad
653 272 768 322 nroonia
777 287 854 323 curso

149 343 267 393 Hostem
278 340 433 408 praecipiti,
444 344 473 391 et
482 339 602 390 risurum
614 336 762 393 haerentia
771 348 848 409 porta

149 409 268 477 Spicula,
280 409 411 461 Elissaeis
421 423 507 475 nuper
519 413 647 458 contorta
657 408 781 462 lacertis.

88 480 139 531 525
150 480 202 531 llis
215 494 297 547 super
307 477 463 529 infrendens
474 479 514 529 sio
523 491 618 529 secum
628 478 766 529 Oenotria
776 479 861 531 tellus:

149 550 285 610 Tantone,
298 546 351 603 beu
363 545 474 613 Superil
486 560 601 614 spernor
612 552 757 599 contemta
765 548 852 599 sumre

149 616 278 669 Sidoniac
289 618 387 684 gentis,
400 631 469 683 quae
482 615 619 683 quondam
628 623 743 684 sceptra
748 620 879 669 timentem

148 687 214 739 Nati
225 685 372 736 Saturnum
383 688 484 737 nostris
496 685 639 736 considere
649 686 679 737 in
692 688 759 750 oris,

148 758 185 808 Et
201 770 317 824 regnare
334 752 413 806 dedii
429 753 545 806 Decima
558 752 627 805 haee
643 756 698 806 iam
715 757 830 808 vertitur
840 768 877 817 ac-

622 831 689 888 stas,

86 893 137 945 550
149 895 193 946 Ex
204 909 257 961 quo
270 895 449 961 proterimur:
463 893 577 955 iuvenis,
588 894 633 944 cui
642 894 704 945 sola
715 898 856 961 supersunt

147 964 177 1014 ln
189 961 310 1028 Superos
321 963 402 1023 bella,
413 968 536 1013 extremo
549 962 583 1013 de
595 962 678 1014 litore
688 970 772 1030 rapta

145 1031 242 1083 lntulit
253 1047 329 1082 arma
338 1030 413 1093 mibi,
425 1033 620 1098 temeratisque
629 1032 744 1098 Alpibus
755 1033 848 1084 ardeus

146 1103 176 1152 ln
188 1107 298 1152 nostros
311 1100 453 1152 deseendit
464 1116 553 1169 agros.
585 1101 660 1162 Quot
672 1116 793 1168 corpore
803 1101 853 1153 teni

147 1172 305 1233 Caesorum,
318 1171 412 1222 stratis
422 1172 505 1222 toties
517 1169 647 1223 deformis
660 1171 790 1224 alumnisl

85 1239 136 1291 535
148 1240 230 1290 Nulla
240 1239 307 1290 mibi
317 1240 398 1292 lloret
408 1241 501 1292 baccis
512 1238 637 1291 felicibus
650 1240 748 1307 arbor;

145 1311 295 1360 lmmaturo
307 1324 386 1376 seges
397 1310 493 1375 rapido
503 1309 653 1361 succiditur
663 1324 746 1375 ense3

146 1378 269 1429 Culmina
280 1377 404 1427 villarum
414 1384 538 1428 nostrum
548 1378 662 1445 delapsa
672 1378 799 1431 feruntur

143 1449 173 1501 ln
184 1447 326 1513 gremium,
339 1443 505 1513 foedantque
516 1448 572 1499 suis
583 1463 645 1501 meo
655 1463 743 1517 regna
753 1448 842 1499 ruinis.

144 1517 225 1566 llunc
237 1516 329 1576 etiam,
341 1516 425 1566 vastis
437 1517 481 1583 qui
494 1532 566 1568 nnnc
577 1533 638 1569 sese
647 1518 741 1569 intulit
752 1518 814 1578 oris,

84 1587 135 1636 540
146 1585 298 1651 Perpetiar,
312 1586 424 1637 miseras
437 1593 614 1653 quaerentem
625 1602 742 1638 exurere
753 1586 815 1638 belli

143 1652 300 1722 Reliquias?
314 1656 385 1705 'l'um
395 1670 439 1706 me
450 1656 557 1706 scindat
568 1671 653 1724 vagus
663 1656 731 1708 Afer
743 1661 841 1717 aratro,

143 1727 180 1776 Et
189 1725 276 1791 Libys
288 1725 412 1777 Ausoniis
423 1725 596 1776 commendet
605 1727 711 1777 semina
722 1727 813 1788 sulcis,

143 1794 177 1844 Ni
189 1803 297 1856 cuncta,
310 1795 448 1846 exsultant
459 1809 528 1862 quae
539 1795 602 1846 latis
614 1796 725 1862 agmina
736 1796 844 1862 campis,

145 1867 205 1915 Uno
217 1864 384 1916 condiderim
395 1864 508 1916 tumulo.
537 1863 610 1914 Dum
620 1864 689 1916 talia
699 1871 802 1926 versat,

83 1931 132 1980 545
145 1934 182 1983 Et
193 1932 329 1984 thalamos
340 1935 437 1986 clausit
446 1948 501 1984 nox
514 1931 866 2002 atrabominumquchrlm

636 2019 680 2066 ua,

146 2067 247 2119 Tendit
258 2069 398 2135 Amyclaei
410 2087 541 2137 praeceps
554 2071 587 2122 ad
600 2021 693 2124 cdstra
704 2073 821 2139 nepotis.

143 2139 169 2187 ls
181 2145 248 2200 tum,
261 2139 381 2191 Lucanis
393 2140 565 2192 cohibentem
576 2141 674 2193 linibus
687 2157 773 2203 arma,

141 2207 265 2257 Poenum
277 2209 358 2259 vicini
370 2211 498 2261 servabat
510 2214 613 2277 cespite
624 2212 695 2262 valli.

141 2276 194 2327 Hic
204 2277 329 2327 iuvenem
343 2279 505 2345 aggreditur·
513 2279 612 2332 Latiae
625 2281 730 2331 telluris
741 2282 848 2348 imago:

80 2343 130 2396 550
144 2347 303 2398 Clausorum
315 2346 407 2408 decus,
420 2354 501 2415 utque
513 2354 608 2415 erepto
620 2352 741 2400 maxima
752 2350 854 2401 Romae

139 2413 208 2481 Spes
220 2416 294 2468 Nero
307 2416 454 2480 Marcello,
467 2432 576 2483 rumpe,
595 2425 676 2486 atque
689 2419 796 2485 expelle
807 2420 880 2486 quie·

542 2502 544 2508 '
615 2496 679 2539 tem.

132 2551 268 2622 Magnum
282 2554 385 2624 aliquid
394 2556 455 2617 tibi,
464 2558 489 2607 si
497 2558 605 2621 patriae
614 2559 654 2608 vis
666 2557 770 2609 addere
781 2556 855 2618 lotis,

126 2624 300 2679 Audendum
313 2631 374 2690 est,
391 2626 483 2694 quod,
497 2623 613 2688 depulso
624 2639 733 2745 upuppae&
742 2626 882 2673 moexdous
