1920 2962
185 178 237 230 12⁶
382 178 410 228 G.
440 174 545 229 siml
575 175 741 228 molet

185 298 237 348 ilis
246 297 365 348 studium
376 302 470 348 erecto
481 310 646 365 componere
658 293 775 346 carbaso
788 294 880 348 mulo.

126 366 371 417 355Uncalocant
400 360 465 417 rore
474 366 581 417 curvati
591 364 714 431 pondera
723 362 803 415 ferti.
864 380 870 387 ·
897 368 900 377 '

186 437 255 486 Ante
267 449 361 486 omnos
373 382 471 486 doctus
483 435 572 501 pelagi
584 441 730 503 rectorque
742 434 860 485 cut-ineo

191 504 307 571 Puppim
323 509 400 572 aptot
414 503 573 572 clavumque
586 501 701 620 Gothori.
728 502 823 554 Micat
837 516 934 555 aeret·

666 577 722 621 ate

190 641 293 709 Fulget
305 656 376 709 aqua
386 642 470 692 trilldi
480 641 646 711 splendentis
656 642 685 690 in
696 654 822 707 aequore
833 640 925 692 rostri.

191 712 261 761 Tela
272 710 351 761 simul
363 712 520 779 variamque
531 710 623 762 ferunt
635 715 732 759 contra
743 722 849 775 aspera
860 708 932 775 ponti

131 779 180 830 360
192 780 291 831 Rerum
308 780 342 829 ad
360 785 468 846 tempus
485 794 572 847 opem.
609 777 718 830 Mediae
734 782 794 829 etot
811 778 930 845 margine

664 861 774 914 ludim,

193 919 246 978 Qui
257 933 326 967 voce
339 917 459 968 alternos
469 923 613 967 nautarum
623 920 760 982 temperet
768 916 855 977 lctus,

190 987 227 1035 Et
237 986 319 1036 remis
330 985 416 1035 dictet
426 987 558 1046 sonitum,
568 986 725 1052 pariterque
736 984 835 1036 relatis

191 1054 231 1104 Ad
242 1067 383 1103 numerum
394 1053 507 1119 plaudat
517 1055 675 1104 resonantia
687 1053 800 1104 caerula
811 1054 902 1105 tonsio

191 1124 339 1190 Postquam
357 1121 512 1173 conlectum
527 1123 618 1174 nautis
630 1138 713 1190 opus,
730 1120 858 1191 horaque
872 1134 922 1174 cur·

666 1208 721 1254 sus,

132 1262 182 1312 365
194 1264 280 1328 Atque
292 1265 399 1311 armata
408 1263 484 1323 retis,
498 1267 634 1330 ventoque
640 1262 741 1313 dedere
752 1260 921 1327 profundunt

192 1331 285 1381 Omnis
296 1329 378 1379 turba
390 1331 458 1391 ruit,
469 1336 585 1393 matres,
597 1332 741 1399 puerique,
754 1344 895 1399 senesque.

192 1399 245 1449 Per
257 1397 361 1448 medios
373 1403 468 1449 coetus
480 1398 566 1450 trahit
577 1406 660 1468 utque
671 1400 783 1450 inimico
794 1414 846 1466 per
856 1410 901 1451 or!

193 1465 377 1534 Spectandum
387 1468 510 1518 Fortuna
521 1469 626 1520 ducem.
646 1470 712 1521 Fert
721 1469 827 1520 lumine
836 1470 920 1520 contr!

192 1538 311 1588 Pacatus
323 1535 456 1587 frondem:
473 1538 558 1605 qualis
571 1554 632 1589 cum
642 1539 725 1589 litore
737 1538 855 1605 primum

133 1607 182 1656 37⁰
193 1606 291 1673 Attiglt
302 1605 417 1671 appulsa
428 1613 522 1657 rector
534 1606 647 1659 Sidonio
657 1608 753 1658 classe.

191 1675 300 1726 Accessi
312 1689 404 1728 comes
415 1675 488 1727 haud
499 1678 559 1743 ipso
572 1684 716 1738 renuente,
729 1679 840 1745 ratique

193 1745 340 1812 Impositus
351 1747 462 1798 maestis
474 1748 577 1798 socium
587 1762 630 1798 me
643 1746 750 1798 casibus
764 1747 846 1797 eddo.

193 1816 323 1879 illuviem,
336 1821 417 1883 atque
429 1817 524 1883 inopes
535 1832 655 1878 mensas,
669 1816 822 1884 durumque
833 1810 919 1867 enode

190 1887 227 1936 Et
239 1891 345 1936 certare
355 1887 433 1938 malis
444 1886 616 1953 urgentibus,
628 1884 707 1936 hoste
718 1887 837 1950 putabet
855 1928 858 1933 .

131 1954 180 2004 375
193 1955 310 2005 Devicto
320 1955 421 2017 maius3
432 1969 483 2004 nec
493 1961 549 2005 tam
560 1954 661 2022 fugisse
675 1954 799 2004 cavendo

191 2022 310 2072 Adversa
321 2024 473 2088 egregium,
487 2040 565 2090 quom
577 2024 765 2090 perdomuisse
775 2022 896 2076 ferendo.

191 2091 259 2158 Spes
275 2096 366 2140 tamen
382 2107 436 2141 una
451 2090 529 2155 mihi,
547 2096 722 2162 (quamquam
738 2093 810 2145 bene
821 2089 921 2161 cogniti

664 2162 769 2213 etolim

190 2230 276 2277 cimex
285 2227 333 2276 illo
343 2227 422 2291 tides)
434 2230 542 2292 urbem,
555 2246 715 2298 murosque,
726 2232 891 2299 domumque

192 2299 319 2363 Tangere
331 2297 354 2346 si
364 2298 469 2348 miseris
480 2299 613 2362 licuisset,
627 2301 712 2351 cordo
721 2302 828 2352 moveri

132 2367 181 2417 380
193 2366 361 2426 possevino,
374 2371 402 2416 et
412 2373 504 2418 vestro
515 2376 591 2421 certe
603 2372 748 2421 mitescere
761 2369 837 2421 lletu.

192 2435 357 2488 claudebam
367 2436 417 2486 sub
436 2438 517 2488 corde
535 2445 637 2503 metus,
654 2440 838 2507 lacrimasque
854 2442 922 2506 putt-

663 2507 727 2559 bam

187 2575 333 2637 Esseriro,
345 2580 374 2626 et
383 2580 495 2628 nostroe
500 2576 612 2629 similem
618 2578 691 2634 inter
702 2578 923 2629 tristianontem

181 2648 250 2698 Cum
264 2646 382 2700 tandem
393 2648 503 2718 putrlue
512 2647 646 2698 'liberino
656 2647 798 2695 ullulixmun
807 2646 886 2697 unni

169 2714 333 2775 servabam
347 2722 448 2776 vultus
461 2719 544 2772 ducis
554 2732 589 2769 uc
597 2714 750 2782 prudentie
757 2726 870 2760 sensum
