1920 2962
204 176 461 231 PUNICORUM
491 179 571 231 LlB.
590 180 663 233 XVI.
760 182 811 237 889

73 297 163 360 Quam
178 297 289 360 decent,
310 300 480 366 pretiumque
497 301 588 365 operis
603 299 638 349 eit
649 300 758 352 tradere
768 299 808 353 fa-

546 381 616 418 mae.
718 389 720 393 ·
833 369 867 421 ab

70 435 208 487 cantaber
218 436 326 504 ingenio
338 436 522 487 membrorum
533 441 561 487 et
572 436 643 487 mole
654 437 743 487 timeri

70 503 121 555 Vel
132 503 220 555 nudus
231 504 293 556 telis
303 512 414 572 poterat
424 505 522 556 Larus.
550 505 604 555 Hic
615 504 675 556 fera
686 507 774 572 gendo

70 573 150 623 More
163 575 321 641 securigera
331 572 464 625 miscebat
475 573 581 641 proelia
592 574 698 624 dextra.

70 641 115 704 Et,
129 656 282 710 quanquam
293 641 369 693 fundi
380 658 410 695 se
422 645 524 694 circum
535 643 614 709 polea
625 643 731 695 videret

69 711 192 778 Agmina,
204 711 296 762 deleta
306 713 414 779 gentilis
426 712 497 779 pube
509 718 644 774 catervae,
680 756 683 761 .
835 713 868 763 50

70 781 219 830 Caoeorum
231 781 362 848 implebat
372 781 446 833 solue
455 781 531 833 loca:
543 796 591 832 seu
603 780 675 831 foret
686 780 772 832 boetis

69 849 235 913 Comminus,
247 851 350 917 expleri
361 850 500 919 gaudebat
509 851 618 902 vulnere
631 849 729 901 frontis

67 916 218 968 Advorsae:
232 934 280 970 eeu
291 919 370 970 laeva
380 921 454 971 acies
464 921 491 969 in
501 919 574 970 bella
584 925 705 981 voearet,

68 986 187 1054 Obliquo
200 988 285 1039 telum
296 986 427 1039 reflexum
438 989 528 1039 Marte
541 988 659 1039 rotabat.

66 1058 110 1117 nt,
123 1071 184 1106 curu
195 1071 266 1122 pone
278 1056 357 1107 ferox
370 1058 457 1107 averni
465 1059 493 1106 in
505 1063 584 1123 terga
593 1059 698 1106 veniret
834 1058 866 1108 55

67 1125 174 1185 Victor,
187 1125 224 1175 nil
236 1125 378 1190 trepidans
388 1129 464 1175 retro
477 1127 580 1175 iactare
592 1125 737 1191 bipennem

67 1192 200 1253 Caliebat,
211 1193 284 1243 nulla
293 1192 357 1244 belii
367 1207 422 1244 nou
432 1198 511 1259 parte
523 1192 667 1243 timendus.

64 1262 140 1312 Huic
152 1260 228 1312 ducis
239 1263 333 1314 invicti
342 1276 489 1331 germanus
499 1260 606 1313 turbine
619 1267 697 1312 vasto

66 1329 161 1395 Scipio
174 1336 358 1401 contorquens
369 1330 485 1396 hastam,
496 1334 602 1385 cudone
615 1337 755 1385 comantes
784 1363 789 1371 ·

66 1400 184 1451 Disiecit
195 1403 291 1454 onnes.
321 1402 444 1471 Namque
457 1403 537 1455 altius
549 1408 612 1455 aeta
624 1403 745 1454 cucurrit
832 1401 865 1452 60

67 1470 172 1535 Cuspis,
183 1476 211 1522 et
223 1472 296 1523 elata
306 1473 402 1539 procul
414 1479 457 1524 eet
467 1473 557 1526 eiecta
566 1473 663 1524 securi.

64 1540 101 1587 nt
112 1539 225 1600 iuvenis,
237 1542 280 1591 cui
291 1541 375 1592 telum
385 1542 481 1609 ingene
492 1540 650 1594 nc'ceeeerat
658 1542 709 1601 iro,

64 1606 247 1658 Barbaricam
258 1608 380 1660 assiliens
390 1625 490 1677 magno
501 1610 621 1661 clamore
631 1610 776 1676 bipennem

65 1674 177 1727 incutit.
209 1675 378 1729 intremuere
390 1679 472 1739 acies,
483 1679 629 1744 sonuitque
642 1692 690 1743 per
702 1692 782 1728 aurae

64 1744 195 1796 Pondere
205 1743 338 1812 belligero
351 1746 450 1811 pulsati
460 1746 587 1812 tegminis
597 1744 687 1795 unrbo.
830 1745 863 1797 65

63 1813 149 1865 Haud
158 1815 269 1882 impune
280 1814 397 1882 quidem.
426 1814 561 1866 Remeane
572 1828 635 1863 nam
645 1812 759 1863 dextera
768 1813 802 1864 ab

538 1883 597 1933 ictu

63 1952 168 2004 Deciea
180 1958 223 2005 eet
233 1952 335 2022 gladio,
347 1966 379 2002 ac
391 1951 492 2003 dilecto
501 1951 649 2003 immortua
659 1949 724 2001 telo.

66 2022 119 2084 Qui
130 2029 274 2091 postquam
285 2037 378 2073 murus
384 2023 489 2073 mineris
498 2023 562 2084 ruit,
573 2023 803 2090 agminaconcora

64 2093 170 2143 Avertit
180 2092 246 2160 iuga
257 2090 402 2144 confestim
413 2091 537 2158 dispereo
547 2105 596 2158 per
607 2105 696 2158 agree.

63 2159 124 2213 Nec
133 2176 240 2229 pugnae
252 2163 367 2229 species,
378 2161 427 2213 ned
438 2175 544 2229 poenae
555 2161 641 2212 tristis
653 2160 744 2227 imago
827 2159 862 2209 10

64 2229 115 2281 Illa
136 2235 209 2292 erat,
230 2228 293 2282 binc
313 2236 420 2283 tontum
441 2232 616 2293 caedentum,
636 2235 718 2296 atque
738 2228 801 2279 inde

539 2305 673 2351 ruentum.

64 2368 118 2420 Per
129 2368 234 2419 medion
242 2368 369 2430 Hannon,
381 2369 485 2436 podmae
497 2375 561 2435 poet
569 2367 800 2434 tergarcrinctua,

64 2437 139 2489 Ecce
149 2436 319 2501 trahebatur,
330 2437 473 2507 lucemque
483 2435 549 2500 (heu
560 2436 651 2487 dulcia
660 2434 731 2486 coeli

64 2505 208 2571 Luminai)
219 2508 307 2575 captiv
312 2523 343 2557 ue
353 2507 443 2559 lucem
452 2508 525 2558 inter
534 2504 624 2556 vincla
635 2504 754 2571 petebat

65 2576 330 2629 GuirectorLutiue:
342 2577 445 2642 Tanta,
456 2591 503 2641 en,
512 2575 816 2645 ‹pdregnarepnacamx
832 2571 877 2615 'ab

59 2646 127 2704 Quis
139 2644 222 2697 cedat
231 2653 301 2717 toga
315 2654 345 2702 et
355 2647 486 2703 anniieri
497 2663 569 2720 gene
579 2636 811 2704 auertendum&

57 2708 169 2763 ierritio
178 2715 203 2765 n·
215 2722 275 2771 tam
288 2719 405 2791 facilen,
419 2738 474 2777 cur
481 2709 728 2830 bedareteriiss
735 2779 763 2825 Ἃ
