1920 2962
112 192 363 245 PUNlCORUM
392 194 472 246 LlB.
495 195 569 248 XlV.
667 197 717 247 303

44 330 48 362 l
60 313 185 378 rapidum
196 311 442 377 hauriretBoreen,
454 321 482 364 et
488 315 615 368 cornibus
622 332 716 369 omnes

44 384 128 449 igeret
139 382 228 446 flatus,
240 384 315 434 lento
326 399 356 434 se
366 383 467 433 robore
479 383 587 451 agebat,
726 387 775 437 39⁰

44 456 98 501 aret
108 450 206 503 fluctus
217 452 282 503 solis
293 456 316 504 si
326 452 404 518 pulsa
414 452 533 503 lacertis.

44 529 149 571 currunt
159 521 271 573 latitate
284 522 356 590 agili,
369 521 525 588 docilesque
536 523 656 589 regentis

44 590 121 640 ivisse
134 606 252 654 manum,
262 591 346 642 Latio
358 607 420 642 cum
429 591 514 642 milite
523 605 638 658 puppes.

50 664 80 708 ut
90 675 139 725 per
150 660 256 711 laevum
266 662 406 712 venientes
419 675 522 727 aequor
531 660 650 712 Himilco

44 734 91 778 ,tus
103 729 226 796 obliquas
236 731 393 797 iussamque
404 731 544 780 incurrere
555 745 666 796 proram
726 731 776 782 395

44 799 134 862 spexit,
146 814 262 864 propere
274 800 351 850 Divis
360 801 388 850 in
398 804 464 849 rota
474 800 581 850 vocatis

44 868 118 929 mnis,
129 869 235 919 intento
246 869 385 920 volucrem
396 867 430 919 de
441 884 517 919 more
528 870 657 936 sagittam

44 942 105 1002 gnat
115 952 214 987 nervo:
225 943 309 1005 utque
322 939 407 989 oculis
418 937 528 989 libravit
536 939 564 987 in
576 935 692 1000 hostem,
762 960 766 966 ·

44 1005 132 1056 alama
144 1010 308 1059 monstravit
318 1010 380 1069 iter,
393 1007 501 1058 diversa
511 1007 637 1059 relaxans

44 1072 105 1136 liin,
118 1075 232 1127 deduxit
242 1077 317 1128 vultu
329 1077 477 1128 comitante
488 1092 538 1142 per
549 1092 630 1128 auras
724 1078 775 1127 400

44 1143 115 1193 rlnus
127 1143 220 1207 telum,
232 1160 264 1195 ac
275 1146 419 1197 residentis
430 1159 520 1210 puppe
532 1147 655 1212 magistri

44 1213 71 1259 iit
82 1211 187 1276 plectro
199 1213 337 1264 dextram:
348 1213 508 1277 nec-deinde
520 1215 641 1281 regenda

44 1295 72 1345 pe
84 1296 179 1333 uranus
189 1282 282 1346 valuit,
294 1282 416 1334 flectenti
427 1283 573 1334 immortua
584 1284 670 1337 clavo.

44 1365 102 1416 ique
119 1351 152 1401 ad
171 1366 251 1419 opem
268 1355 400 1416 accurrit,
425 1367 474 1404 ceu
498 1359 591 1421 capta,
613 1356 714 1418 navita,

471 1439 488 1472 u
528 1439 552 1486 c,

44 1504 49 1538 ε
62 1490 160 1540 iterum
172 1489 284 1557 latoque
294 1492 354 1556 pari
367 1438 628 1560 nemogufflagitta,
723 1495 774 1546 405

45 1558 135 1608 edium
148 1559 275 1624 perlapsa
287 1559 407 1626 globum,
418 1561 621 1613 transverberat
630 1563 688 1613 ictu

44 1644 51 1677 ι
61 1626 219 1693 gubernacli
232 1627 392 1679 subeuntem
403 1643 517 1680 munera
529 1631 659 1681 Taurum.

44 1697 104 1762 npit
115 1696 236 1746 Cumana
245 1697 321 1756 ratis,
334 1710 414 1762 quam
427 1697 545 1747 Corbulo
558 1698 657 1749 ductor

44 1779 118 1832 aque
131 1764 288 1830 complebat
298 1762 454 1814 Stabiarum
465 1763 548 1814 litore
558 1765 653 1830 puber.

48 1851 81 1885 en
93 1841 153 1885 erat
165 1834 254 1885 celsae
265 1834 364 1900 puppis
375 1833 464 1883 vicina
474 1832 573 1883 Dione.
722 1838 774 1887 41⁰

44 1904 237 1971 superingestis
248 1904 361 1970 propior
373 1917 441 2022 puae
453 1901 562 1953 subdita
573 1901 635 1954 telis

44 1992 51 2024 ι
63 1973 233 2038 capessebat,
245 1972 336 2024 media
345 1988 377 2024 su
397 1971 468 2024 sedit
475 1972 503 2022 in
515 1971 597 2036 anda,

44 2045 125 2110 sitque
137 2042 246 2094 fretum.
277 2043 445 2094 Glamantum
458 2056 585 2109 spumeus
597 2057 646 2093 ora

44 2129 79 2163 us
90 2113 186 2179 implet
201 2113 291 2182 aquis,
312 2109 635 2232 palmaequfplpldtrabentc
652 2128 712 2178 pro·

518 2195 544 2243 ⁰9

44 2259 141 2302 :antam
152 2251 255 2303 frustm
265 2252 376 2303 summis
386 2252 413 2301 in
424 2249 552 2302 fluctibus
564 2258 681 2303 exstant.
721 2250 773 2301 415

50 2321 139 2371 nudor
150 2322 200 2384 ira,
213 2336 312 2388 magno
322 2336 372 2388 per
383 2321 494 2372 caerula
504 2321 577 2372 saltn

44 2390 94 2440 ·ulo
107 2396 292 2459 transgressus
304 2393 378 2454 (nam
390 2395 494 2441 textam
505 2389 605 2439 robore
617 2388 713 2438 turrim

44 2459 313 2512 1lerantnexaeferri
327 2474 459 2526 compage
470 2459 608 2520 triremes)

44 2529 75 2578 lit
85 2530 210 2581 tabulata
221 2546 311 2596 super,
321 2529 485 2595 flammaque
498 2534 652 2578 comantem

45 2597 111 2648 iiida
120 2601 215 2665 pinum
227 2601 299 2652 celso
311 2594 350 2653 'de-
360 2598 480 2652 culmine
493 2602 622 2667 quassat.
740 2592 799 2636 ’ἢῆ

45 2672 123 2717 atros
134 2670 231 2725 alacer
240 2681 401 2746 pastosque
411 2672 562 2725 bitumine
572 2667 710 2732 bosowa

45 2739 124 2788 tante
136 2739 163 2790 N
164 2749 227 2811 oto,
239 2747 420 2805 Poenorum
433 2737 737 2816 aplustnbnsiaffi·
