1920 2962
216 194 251 245 ⁶4
410 189 437 237 G.
468 185 571 239 SlLll
598 187 761 239 lTALIGl

216 310 355 362 Turbatus
366 313 473 359 terrore
482 308 552 372 loci3
570 307 618 358 sed
628 306 757 375 languide
767 314 879 360 moestu:

154 383 205 434 bob
217 380 308 432 corda
317 377 487 429 virdmfovet
496 376 640 438 hortando,
647 383 813 444 revocatque
820 379 879 445 vigr

214 449 276 502 Non
283 448 378 516 pudet,
387 447 517 515 obsequio
525 444 658 512 Superum
664 445 806 513 fessosque
817 461 879 497 seer

213 520 284 571 Post
292 518 357 570 belli
368 517 451 568 decus
462 521 543 584 atque
555 516 640 577 acies,
652 515 717 566 dore
728 521 808 583 tergo
819 517 879 566 nive

214 589 369 649 Montibus,
381 592 410 637 et
420 601 516 654 segnes
527 584 687 636 submittere
696 584 808 650 rupibus
820 599 879 634 arm

213 658 305 720 Nune,
317 672 348 720 o,
359 670 444 717 nune,
457 656 538 717 socii,
551 654 717 705 dominantis
728 658 839 704 moenia
849 653 879 704 lb

153 728 204 779 Mo
216 727 325 779 credite
338 739 401 787 vos,
413 739 599 793 summumque
612 724 684 774 loris
695 723 879 774 conscendere

688 808 758 843 men.

214 867 268 917 Hie
278 865 516 925 laborAusoniam,
524 863 599 913 dabit
608 860 653 911 hio
662 863 690 911 in
701 860 807 911 vincula
813 858 879 928 Thy

215 935 273 986 Nec
283 947 373 983 mora:
386 936 552 981 commotum
563 929 704 996 promissis
716 930 816 979 ditibus
831 945 879 998 agr

215 1003 306 1068 Erigit
314 1002 343 1050 in
353 998 450 1048 oollem
456 1034 464 1059 ,
476 1004 504 1048 et
513 998 629 1064 vestigia
639 997 760 1063 linquere
771 1003 836 1047 nota

215 1068 342 1122 Herculis
349 1066 432 1118 edicit
442 1067 545 1133 magni,
558 1065 701 1131 erudisque
711 1065 833 1116 locorum

155 1142 206 1193 515
216 1141 300 1192 Ferre
311 1137 424 1206 pedem,
436 1149 468 1185 ac
479 1135 591 1200 proprio
601 1139 705 1186 turmas
717 1136 834 1187 eradere
846 1153 879 1190 oa

216 1209 327 1274 Rumpit
337 1208 494 1257 inaccessos
506 1204 610 1266 aditus,
623 1209 705 1272 atque
718 1205 803 1255 arduo
813 1207 879 1324 plrin

216 1279 386 1343 Exsuperat,
398 1287 555 1341 summaque
566 1279 648 1323 vocat
660 1273 693 1324 de
704 1290 771 1342 rupe
784 1290 817 1325 eo
839 1291 879 1327 om

217 1349 303 1408 Tum,
318 1358 371 1411 qua
383 1342 473 1392 durati
484 1347 613 1394 eonoreto
625 1341 728 1411 frigore
742 1344 817 1395 collis

217 1415 339 1466 Lubrica
349 1412 498 1462 frustratur
509 1413 617 1462 canenti
629 1414 727 1463 semita
739 1415 817 1476 olivo,

157 1485 208 1536 520
219 1484 384 1535 Luctantem
396 1479 470 1532 ferro
481 1481 594 1548 glaciem
606 1484 713 1549 premit.
742 1484 844 1534 Haurit
854 1482 879 1537 hi

218 1553 272 1604 Nix
282 1551 404 1603 resolute
414 1552 502 1613 uiros,
513 1551 623 1618 altoque
636 1567 650 1602 e
663 1552 779 1602 eulmine
790 1568 879 1620 proeo

218 1621 350 1674 Humenti
361 1627 465 1671 turmas
477 1622 566 1687 operit
577 1621 689 1688 delapsa
700 1623 786 1672 ruina.

218 1692 357 1744 Interdum
370 1690 484 1741 adverso
497 1691 661 1758 glomeratas
673 1691 780 1741 turbine
793 1693 879 1744 Corus

218 1763 248 1814 ln
259 1762 350 1814 media
362 1775 411 1812 ora
420 1761 495 1810 nives
508 1759 591 1811 fuscis
604 1761 660 1827 agit
669 1758 796 1811 horridus
808 1761 864 1812 alis.

159 1833 209 1886 525
221 1834 274 1883 Aut
285 1848 392 1884 rursum
402 1831 513 1881 immuni
526 1830 643 1880 stridens
654 1830 747 1881 avulsa
758 1831 879 1896 procelle

219 1901 334 1954 Nudotis
346 1903 419 1966 rapit
431 1915 507 1949 erma
517 1900 595 1960 viris,
607 1899 772 1966 volvensque
783 1914 832 1966 per
843 1901 879 1951 or‘

219 1973 352 2022 Contorto
363 1972 438 2017 rotat
446 1968 474 2015 in
485 1965 569 2016 nubes
580 1967 704 2017 sublimia
714 1967 788 2018 lletu.

222 2042 336 2106 Quoque
348 2036 433 2101 magis
446 2034 553 2084 subiere
564 2036 641 2097 inan,
654 2043 749 2103 etque,
762 2038 879 2090 evadere

220 2110 341 2160 Erexere
352 2103 479 2171 gradum,
492 2074 687 2155 erescitlnbor.
706 2106 797 2158 Ardua
808 2123 879 2174 suprr

161 2178 211 2228 530
223 2176 289 2228 Sese
301 2174 390 2240 aperit
401 2171 534 2235 fessis,‚et
543 2174 666 2224 nascitur
678 2175 764 2226 altera
772 2177 872 2228 moles:

221 2245 298 2297 Unde
309 2258 359 2292 neo
371 2242 505 2292 edomitos
516 2243 717 2312 exsudatosque
726 2245 835 2297 labores

221 2313 385 2381 Respexisse
395 2308 473 2360 libet:
489 2316 566 2360 tanta
575 2310 719 2364 formidine
729 2315 810 2380 planu

221 2381 498 2446 Exterrentrepetita
510 2381 607 2445 oculis3
627 2389 707 2450 atque
717 2399 771 2434 una
781 2385 879 2450 pruinn

222 2454 363 2513 Canentis,
376 2464 535 2516 quacunque
546 2449 627 2501 datur
636 2455 795 2518 permittere
806 2453 879 2507 visus

161 2523 211 2574 535
223 2523 359 2589 ingeritur
369 2517 463 2569 facies.
491 2519 584 2570 Medio
596 2522 635 2571 sie
645 2523 738 2572 navita
748 2528 843 2587 ponto,

221 2594 288 2642 Cum
302 2589 394 2639 dulces
404 2588 482 2655 liquit
491 2594 579 2640 terras
585 2626 593 2652 ‚
604 2596 632 2641 et
641 2591 733 2640 inania
743 2591 831 2653 nullos

212 2661 362 2711 Invenient
372 2664 570 2712 rentossecuro
583 2659 697 2710 carbaso
708 2659 788 2722 mulo,

200 2732 363 2786 Immensae
368 2736 540 2804 prospectat
552 2746 656 2802 aques3
665 2745 709 2796 ao,
716 2728 871 2798 vieteprob
