1920 2962
124 149 378 204 ruurconuu
412 152 561 208 urnrx.
625 228 626 232 Ν
663 159 713 213 ns

44 272 93 322 :ius
103 269 198 322 infelix
209 272 282 323 nuni:
295 272 342 324 sed
354 273 482 337 stridula,
494 274 618 328 anhelum

44 355 126 392 rorem
137 339 293 404 effundens,
304 344 418 393 monstri
428 357 524 396 maurus
536 346 646 398 abstulit
657 352 714 401 neri

44 411 141 461 initum
152 425 233 473 nexu,
245 411 357 479 diroque
368 411 496 479 ligamine
506 416 596 478 torsit,

44 494 138 546 speres
150 479 204 531 alte
215 481 344 546 miserum
352 480 472 532 iaculata
483 498 533 548 per
544 498 624 537 auras
724 486 774 538 630

44 550 83 599 nri
95 548 167 599 elisis
178 547 276 600 afflixit
286 547 399 613 (flebile)
411 551 547 602 membris.
701 553 702 556 ’

46 619 120 669 inter
132 617 222 669 clades
233 620 291 670 viso
301 619 427 671 Varrone
437 620 487 671 sub
498 623 580 673 armis

44 689 148 754 epitaus
166 686 291 751 Paullus,
309 689 380 750 Quin
394 689 465 742 imus
482 693 658 754 commimus,
677 693 715 743 in·

454 759 520 823 qut,

44 826 97 875 lori
109 826 207 890 Tyrio,
219 839 300 892 quem
311 825 432 876 vinctum
444 827 515 876 oolla
526 830 629 879 eatenis

44 909 121 946 urum
133 899 195 945 nuto
206 897 269 944 tuos
282 908 376 945 currus
388 896 560 960 promisimus
571 896 649 948 urbii
726 897 776 950 635
839 936 841 940 Α

60 963 165 1031 patria,
186 961 241 1014 heu
256 962 350 1030 plebes
367 964 515 1027 scelerata,
533 972 567 1069 'et
581 965 716 1033 proraia-

453 1049 538 1085 vous.

43 1102 61 1153 d
73 1116 192 1168 unqunm
205 1100 334 1167 expedies
347 1106 402 1152 tam
414 1101 482 1152 dura
493 1104 716 1165 sortemalornm,

44 1188 67 1222 m
80 1170 130 1220 tibi
140 1184 195 1219 nou
207 1170 283 1219 nasci
293 1169 376 1219 fuerit
387 1185 437 1237 per
446 1178 512 1221 votn
521 1172 685 1238 petendum·

44 1254 153 1300 onem,
175 1237 389 1289 Hannibalemve
411 1241 505 1307 magis.
541 1241 614 1291 Dum
636 1241 702 1293 talia

452 1309 572 1372 Paullus,

44 1387 65 1432 et
75 1378 240 1446 praecipites
251 1376 347 1447 Libys,
359 1383 441 1445 atque
451 1380 479 1430 in
490 1385 569 1447 terge
578 1386 703 1431 ruentum
725 1379 776 1431 640

44 1469 47 1499 ι
59 1448 154 1499 oculos
165 1453 277 1497 cunctas
290 1446 411 1498 ductoris
422 1450 544 1500 concitet
553 1448 655 1501 hastas.

46 1524 110 1570 ntur
120 1516 207 1585 gelen,
218 1522 246 1566 et
257 1517 414 1583 quatiuntur
425 1519 549 1570 Consulis
561 1534 644 1569 arma.

44 1605 75 1639 us
86 1586 139 1637 hoc
150 1585 260 1637 Paullus
271 1585 375 1637 medios
388 1589 442 1639 ruit
453 1603 534 1654 asper
543 1589 571 1638 in
583 1585 686 1639 hostes.

44 1675 53 1708 ι
64 1672 129 1708 vero
141 1670 271 1707 excussus
282 1661 410 1718 mentem,
420 1657 448 1707 in
460 1658 611 1709 certamina
621 1656 716 1707 Paullo

44 1726 179 1788 diducto,
191 1726 326 1789 convertit
336 1725 435 1787 Varro,
447 1740 582 1792 manuque
727 1723 776 1775 645

44 1792 595 1864 ripedemiufleotens‚Dns‚inquit‚patria‚
607 1807 718 1859 poenes,

44 1882 67 1930 e,
77 1864 164 1918 Fabio
174 1863 313 1925 ineolumi,
324 1863 476 1915 Varronem
488 1861 717 1913 ndbellnvoonsti.

44 1950 122 1988 enam
133 1939 225 1985 autem
235 1933 347 1993 mentis,
358 1932 402 1983 vel
413 1946 482 1999 quae
493 1930 630 1982 discordia
640 1929 707 1981 sotii

44 2018 183 2071 :urumque
193 2002 282 2053 lateus
291 2001 366 2053 fraus
378 2000 437 2053 esti
446 2002 718 2067 Abrumperecnnotn

44 2074 142 2126 dudum
153 2087 214 2124 oum
224 2071 284 2122 luce
294 2071 369 2122 libet.
388 2070 444 2123 Sed
452 2071 711 2139 comprimiteusem
726 2069 777 2121 olo

44 2145 81 2195 :io
93 2145 140 2211 qui
150 2142 236 2203 Deus,
250 2146 278 2192 et
288 2156 376 2192 meme
389 2141 424 2192 ad
435 2143 564 2209 graviore
573 2146 703 2191 reservat.

44 2213 131 2265 imne?
143 2217 171 2263 et
181 2209 286 2260 fractos
297 2225 461 2278 sparsosque
474 2224 571 2262 eruore
582 2225 704 2261 meorum

50 2283 171 2334 referam
182 2279 282 2346 populo
293 2277 400 2331 feseesl
408 2286 493 2348 ¹atque
506 2295 555 2331 orn
566 2294 615 2346 per
625 2279 707 2330 urbes

44 2369 70 2436 ιεο
81 2348 233 2423 ερεοῳιιάα
243 2347 332 2398 dabol
343 2355 379 2410 et,
386 2365 444 2432 'quo
456 2351 565 2447 suevius
574 2350 634 2414 ipse
706 2441 716 2452 ¹

44 2421 119 2473 mbal
129 2417 201 2469 haud
213 2422 323 2483 poscat,
336 2416 552 2538 lugrnmheeibp‘eoe,
568 2416 669 2519 Rome,
679 2414 705 2465 si
726 2483 777 2534 6⁵⁵

44 2573 64 2608 n
72 2557 260 2624 indignantem
270 2555 331 2606 telis
342 2554 519 2624 propioribus
526 2524 629 2606 llusies

44 2643 76 2691 re,
90 2631 120 2678 et
127 2627 238 2696 sonipes
249 2629 346 2698 rapuit
355 2626 472 2682 lunius
479 2624 627 2680 un‘nenus.
