1920 2962
223 157 476 212 PUNIGORUM
503 160 584 214 LlB.
612 161 660 214 lv.
780 164 815 214 81

74 281 106 332 ln
117 292 240 340 nemore,
252 285 300 330 aut
312 279 399 346 agitet
410 278 540 347 Gargano
552 288 632 348 terga
642 280 770 342 ferarum,

72 349 147 400 Hinc
158 349 252 416 Mago,
265 346 329 399 binc
340 363 437 400 saevus
448 351 553 415 pariter
564 350 656 401 ridere
661 347 813 414 Maharbal,

72 420 111 469 Ut
121 417 265 485 subigente
276 417 349 468 fame
361 418 474 470 diversis
485 419 597 484 rupibus
607 421 664 470 ursi
825 417 875 469 565

70 487 210 540 Invadunt
219 487 355 553 trepidum
367 489 477 555 gemina
492 489 565 538 inter
576 488 813 554 proeliataurum,

72 563 131 609 Nec
147 562 255 623 partem
268 557 388 623 praedae
406 558 509 623 patitur
525 556 610 607 furor.
636 557 720 607 Haud
735 573 813 608 secus

550 641 614 677 acer

70 697 146 749 Hinc
157 701 240 764 atque
250 693 313 745 hinc
322 693 413 744 iaculo
425 694 577 746 devolvitur
586 695 668 746 Allius
680 702 752 746 acto.

71 767 99 817 lt
109 765 228 817 stridens
238 779 288 831 per
298 769 443 830 utrumque
453 763 525 815 latus
535 766 677 816 Maurusia
687 771 782 816 taxus:

72 835 164 888 Obvia
173 840 231 885 tum
240 833 332 884 medio
342 838 493 883 sonuerunt
502 834 607 900 spicula
619 835 711 896 corde,
824 836 874 886 bid

71 906 266 970 incertumque
276 902 337 963 fuit,
348 901 433 952 letum
445 902 488 953 eui
504 902 615 954 cederet
625 902 729 954 hastae.

71 976 184 1036 Etiam,
198 972 327 1038 dispersis
336 970 461 1022 Romana
472 987 522 1038 per
533 975 641 1040 agmina
652 975 744 1040 signis,

73 1043 206 1096 Palantes
218 1043 284 1109 agit,
297 1040 332 1091 ad
342 1042 417 1106 ripas
427 1041 615 1107 (miserabile)
626 1042 734 1093 Poenus

72 1112 218 1180 lmpellens
228 1110 366 1176 trepidus,
377 1109 513 1177 fluvioque
522 1111 685 1179 immergere
698 1118 794 1162 certat.

74 1184 147 1234 Tum
159 1179 262 1232 Trebia
271 1178 392 1230 infausto
404 1194 477 1230 nova
488 1180 594 1246 proelia
604 1183 712 1248 gurgite
723 1180 802 1231 fessis
823 1179 874 1230 575

72 1249 199 1313 Inchoat,
210 1254 239 1300 et
248 1247 374 1314 precibus
384 1248 495 1300 lunonis
507 1251 623 1301 suscitat
633 1250 727 1301 undas.

71 1316 175 1374 Haurit
187 1318 329 1370 subsidens
340 1316 492 1386 fugientum
502 1333 620 1386 corpora
629 1319 717 1381 tellus,

72 1390 216 1457 lniidaque
226 1388 277 1439 soli
287 1386 422 1438 frustrata
431 1390 562 1456 voragine
574 1387 681 1440 sorbet:

72 1459 133 1511 Nec
143 1460 202 1519 niti,
212 1458 342 1524 lentoque
354 1457 436 1507 datur
447 1458 600 1509 convellere
609 1457 673 1508 limo

71 1527 279 1594 Mersa-pedum
289 1527 398 1593 penitus
408 1528 536 1595 vestigia:
554 1527 616 1578 labe
627 1529 718 1578 tenaci
824 1526 874 1578 580

71 1599 201 1650 Haerent
211 1595 329 1646 ‹lerincti
339 1610 459 1663 gressus,
473 1596 648 1664 resolutaque
660 1599 720 1662 n'pa

71 1667 210 1735 implicat,
222 1670 269 1716 ant
280 1679 365 1715 caeca
374 1667 525 1730 prosternit
537 1664 634 1716 fraude
645 1665 760 1733 paludis.

71 1738 187 1805 lamque
198 1735 266 1785 alius
273 1741 443 1800 superatque
450 1734 812 1801 aliusperlubrieasurgcns‚

72 1806 148 1865 Dum
157 1805 210 1858 sibi
221 1804 334 1871 quisque
345 1804 418 1851 riam
427 1817 477 1869 per
486 1802 674 1852 inextricabile
685 1803 749 1851 litus

72 1875 222 1942 Praecipit,
234 1876 263 1922 et
273 1872 346 1936 putri
357 1870 478 1921 luctatur
489 1871 591 1935 cespite
598 1870 683 1936 ,lapsi
824 1872 875 1924 585

74 1943 264 2003 Occumbunt,
276 1954 391 2006 seseque
401 1955 451 1990 sua
461 1954 585 2007 pressere
597 1940 682 1990 ruina.

73 2014 132 2077 llle,
146 2013 219 2064 celer
229 2009 321 2072 nandi,
331 2011 385 2059 iam
396 2010 505 2077 iamque
516 2009 685 2076 apprendere
695 2016 756 2061 tuta

73 2084 149 2136 Dum
161 2086 255 2150 parat,
266 2084 294 2129 et
307 2080 381 2130 celso
393 2081 520 2130 connisus
532 2095 648 2146 corpore
661 2087 773 2146 prensot

74 2153 209 2205 Gramina
227 2163 335 2201 summa
350 2164 447 2212 manu,
467 2148 628 2218 liquidisque
646 2152 761 2217 emergit
781 2150 814 2201 ab

550 2219 639 2281 undis,

76 2293 212 2343 Contorta
221 2290 299 2355 ripae
309 2287 431 2354 pendens
443 2287 564 2354 affigitur
574 2286 662 2339 hasta.
825 2288 876 2342 590

75 2362 131 2411 llic
141 2357 259 2420 bostem,
271 2357 383 2408 orbatus
393 2356 463 2419 telo,
475 2357 667 2424 complectitur
677 2357 755 2417 ulnis,

73 2427 296 2494 Luctantemque
305 2426 376 2476 vodo
388 2426 524 2492 permixta
535 2433 625 2478 morte
637 2430 756 2477 coercet.

74 2498 152 2550 Mille
164 2496 243 2548 simul
253 2496 302 2546 leti
312 2495 407 2545 iacies.
436 2495 522 2561 Ligus
534 2496 636 2546 occidit
647 2496 719 2546 orvis
729 2512 735 2556 3

76 2565 132 2618 Sed
141 2566 268 2634 proiecta
277 2565 327 2615 viri
337 2561 456 2631 lymphis
467 2563 619 2615 fluvialibus
631 2580 680 2615 ora

75 2635 263 2754 Sanguineum
273 2632 425 2684 hauserunt
435 2633 524 2701 longis
535 2634 700 2703 singultibus
706 2631 889 2684 amnemhb's

75 2706 139 2758 Ena
159 2710 190 2755 at
199 2703 308 2754 tandem
320 2703 412 2757 medio
426 2703 472 2757 rix
483 2706 597 2777 gurgite
608 2702 729 2775 pulcber
