1920 2962
200 155 451 208 PUNICORUM
473 146 558 209 Lis.
582 157 642 211 XV.
746 159 798 211 dil

53 277 279 332 Enetatintentc
290 276 409 344 praedae
420 276 575 329 liberandus
586 275 674 329 hoste.
806 277 858 330 400

52 349 177 416 Impiger
194 346 309 398 occultis
325 344 434 398 Poenus
449 352 596 414 postquam
614 346 724 399 abditur
738 358 797 398 um·

532 416 598 477 bris,

55 486 181 540 Sexesae
192 484 278 537 iidens
290 484 383 549 silvae,
394 487 500 538 maiora
509 490 641 553 petuntur

54 557 162 608 Rursus
172 555 244 606 belia
253 560 338 618 retro,
351 561 379 607 et
388 557 512 623 superari
524 557 626 607 certior
639 553 735 607 hostis.

54 627 180 692 Pyrenes
192 623 296 676 tumulo
308 625 434 692 clypeum
445 640 506 677 cum
518 626 637 677 carmine
648 625 744 693 figunt,

54 696 315 747 Hsennunnnrs
345 707 500 746 secururs
526 695 691 746 Gasnrvo
721 693 796 746 Scr-

532 778 587 814 000
608 779 752 816 vrcucn.
805 762 856 816 495

56 835 178 886 Terrore
190 834 298 884 interea
306 833 398 898 posito
408 837 484 884 trans
496 833 582 884 ardua
590 834 692 884 montis

55 903 197 969 Bebrycia
206 901 322 969 populos
333 898 460 952 armebut
469 902 579 953 Poenus
590 904 618 953 in
629 902 700 965 aule,

55 972 200 1026 Mercandi
211 972 323 1023 dextras
334 971 437 1039 largus,
447 970 575 1039 belloque
585 977 684 1039 paratu

55 1039 353 1110 Prodigereinhsllum
364 1039 461 1092 facilis.
489 1040 763 1092 Praemissuferoces

54 1112 201 1181 Augebunt
213 1112 319 1161 animos
331 1110 437 1176 argenti
448 1110 572 1176 pondera
583 1115 611 1160 et
620 1111 688 1169 auri,
807 1108 857 1159 500

54 1183 143 1234 Parte
153 1176 324 1231 metalliferis
336 1177 420 1245 lcngc
431 1177 586 1228 discrimine
596 1178 685 1227 terris.

54 1253 129 1303 ilinc
140 1262 212 1298 nova
224 1246 397 1314 complerunt
407 1243 481 1298 haud
490 1247 571 1297 tardo
582 1247 667 1297 milite
680 1249 773 1296 castra

54 1318 175 1374 Venales
187 1317 303 1381 animae,
313 1313 439 1368 Rhodani
450 1316 495 1386 qui
504 1316 613 1385 gurgite
623 1314 753 1385 gaudent,

56 1391 180 1452 0000000
191 1388 278 1456 serpit
287 1388 357 1441 rirer
366 1402 417 1455 per
426 1402 492 1438 rurn
501 1387 663 1456 pigerrimus
674 1385 773 1438 undae¹

55 1458 177 1527 lam'que,
188 1456 277 1510 hieme
291 1457 400 1521 affecta,
412 1459 556 1510 mitescere
564 1462 795 1524 coeperutnnnus.
807 1453 857 1504 505

56 1528 132 1591 lude,
144 1529 197 1578 iter
207 1529 363 1595 ingrediens
374 1527 499 1593 rapidum
510 1542 560 1594 per
571 1527 676 1578 Celtica
685 1542 758 1588 rura,

53 1599 172 1650 Miratus
184 1596 302 1646 domitas
312 1597 403 1662 Alpes,
413 1610 446 1646 ac
457 1597 551 1662 pervia
564 1597 663 1647 montis

54 1667 156 1726 Ardua,
169 1669 197 1715 et
207 1663 362 1714 Herculeae
374 1666 482 1730 quaerit
490 1666 606 1731 vestigia
615 1665 735 1730 plantae,

56 1733 242 1800 Germanique
252 1731 311 1782 vias
322 1732 419 1782 divinis
431 1737 574 1799 comparat
584 1734 665 1782 ausis.

55 1807 93 1858 Ut
103 1818 170 1855 vcro
181 1807 293 1853 ventum
303 1801 332 1852 in
344 1801 460 1864 culmen,
472 1802 624 1866 castrisque
635 1800 738 1850 resedit
808 1801 857 1852 510

54 1873 228 1934 Hannibalis,
241 1871 317 1932 Quos
328 1870 424 1934 Roma,
435 1871 532 1937 inquit,
546 1884 614 1936 quos
626 1868 716 1930 ultius,
727 1882 786 1932 oro,

55 1942 165 1996 Attollit
175 1955 278 2003 muros,
291 1941 337 2008 qui
347 1945 411 2006 post
421 1938 491 1991 haec
502 1939 620 2001 moenia,
634 1937 713 1988 fratri

56 2014 142 2066 Victa
152 2026 224 2073 mcc,
237 2015 311 2062 stent
319 2007 487 2061 incolumes?
498 2006 540 2059 Sit
550 2008 638 2077 gloria
650 2008 763 2059 dextrae

56 2083 136 2136 Felix
147 2086 226 2132 tanta
235 2094 348 2147 precor3
360 2093 428 2129 neve
440 2093 527 2146 usque
539 2078 573 2129 ad
584 2077 675 2129 sideru
685 2078 774 2130 adisse

55 2147 471 2205 InrideatlaerusnohisDeus.
501 2148 614 2216 Agmine
627 2146 700 2198 celso
808 2145 858 2197 515

54 2221 125 2274 Inde
138 2220 238 2282 alacer,
250 2233 303 2286 qua
312 2218 445 2268 munitum
457 2217 568 2269 declivis
580 2216 614 2267 ub
626 2216 681 2267 alto

56 2293 150 2360 Agger
160 2292 297 2340 monstrat
305 2287 367 2350 iter,
380 2288 534 2355 properatis
547 2286 657 2337 devolat
668 2285 759 2336 armis.

56 2359 120 2412 Ncn
131 2364 210 2410 tauto
223 2363 364 2423 strepuere
375 2362 450 2408 metu
460 2356 611 2425 primordia
621 2355 698 2404 belli:

54 2430 137 2482 Nunc
154 2428 291 2497 geminum
305 2425 503 2489 Hannibalem,
524 2440 596 2475 nunc
615 2424 721 2474 iactant
735 2422 800 2473 binc

533 2495 608 2545 coire

55 2568 131 2620 ilinc
147 2572 229 2633 atque
247 2564 310 2616 hinc
327 2570 433 2628 castra,
455 2570 484 2615 et
498 2569 592 2631 pastos
604 2576 655 2629 per
665 2576 803 2629 prospera

539 2633 622 2689 uella
827 2627 891 2672 W

43 2701 333 2770 Sanguineductnres
345 2708 422 2764 italo
437 2706 782 2782 coniungeremartcmn
