1920 2962
189 149 443 205 PUNlCORUM
472 153 551 204 LlB.
574 154 661 206 XVll.
754 153 801 204 aar

66 276 223 341 aequoreas
234 278 388 325 monstrare
399 274 465 336 vias,
476 287 509 325 ac
520 274 619 326 ducere
631 276 755 326 classem.

65 346 215 411 Augurium
227 343 339 410 clangor
349 342 450 393 laetum
463 341 554 394 dabat.
583 344 657 408 lude,
667 347 753 395 secuti
831 343 864 392 55

68 415 188 464 Tantum
200 428 361 480 progressos
371 413 474 480 liquida
484 413 533 463 sub
545 414 616 464 nube
628 413 744 475 volatus,

69 484 206 545 Quantum
226 497 280 532 non
303 482 406 533 frustra
427 483 615 549 speculantum
632 483 734 533 lumina
748 497 803 532 ser-

544 558 618 615 rant,

66 621 166 672 Litora
176 623 334 688 Agenoreae
345 625 491 670 tenuerunt
502 622 607 688 perlida
617 628 716 672 terrac.

66 690 125 742 Nec
137 692 236 757 segnis,
247 695 325 740 tanta
334 691 362 739 in
373 695 460 739 semet
469 692 593 742 veniente
605 691 734 758 procella,

66 759 160 811 Africa
168 760 317 811 terribilem
328 773 427 826 magno
439 760 488 811 sub
499 763 608 812 nonrine
619 760 718 812 molem
832 756 865 806 60

66 830 149 896 Regis
161 844 227 896 opes
239 834 337 879 contra
350 834 378 878 et
388 828 511 893 Massyla
520 835 667 896 paraverat
677 844 760 880 arma.

67 895 805 966 SpesqueSyphaxLibycisuna,etLaurentihusunus

66 970 171 1018 Terror
181 973 248 1017 erat.
278 969 395 1033 Campos
406 968 508 1032 pariter
517 969 654 1036 vallesque
665 968 771 1019 refusas

65 1037 219 1104 Litoraque
229 1036 364 1102 implerat,
375 1036 448 1087 nullo
459 1036 591 1088 decorare
600 1044 695 1104 tapete

67 1106 248 1174 Cornipedem
259 1105 362 1156 Nomas
373 1111 512 1168 assuetus,
533 1107 688 1174 densaeque
699 1120 748 1172 per
758 1122 803 1156 au·
831 1173 864 1222 65

542 1189 587 1225 ras

65 1243 227 1297 Condebant
237 1243 334 1294 iaculis
344 1242 521 1294 stridentibus
531 1241 645 1294 aethera
653 1242 747 1293 nubes.

63 1314 245 1366 immemoris
257 1313 425 1380 dextraeque
437 1311 518 1363 datae
528 1313 667 1382 iunctique
677 1326 727 1379 per
738 1326 800 1362 aras

63 1382 205 1445 Foederis‚
217 1390 245 1433 et
257 1398 366 1435 mensus
377 1388 470 1446 testes,
482 1389 563 1452 atque
575 1381 686 1452 hospita
693 1383 763 1445 iura,

63 1453 181 1519 Fasque,
193 1454 327 1522 iidemque
338 1453 426 1516 simul,
439 1469 523 1519 pravo
533 1461 654 1506 mutatus
665 1468 767 1515 amore,

63 1522 195 1588 Ruperat,
207 1531 288 1589 atque
299 1529 377 1574 toros
388 1525 464 1589 regni
475 1525 602 1574 mercede
613 1528 733 1590 pararat.
830 1522 864 1571 “lo

63 1593 151 1656 Virgo
163 1595 223 1639 erat
233 1593 333 1640 eximia
341 1593 434 1657 specie
446 1590 575 1658 claroque
588 1599 709 1658 parente,

63 1657 245 1713 Hasdrubalis
256 1658 356 1723 proies,
367 1656 493 1709 thalamis
505 1675 585 1726 quam
598 1664 671 1727 cepit
681 1669 711 1710 ut
723 1661 793 1721 altis,

64 1733 121 1783 Ceu
133 1727 194 1778 face
205 1741 348 1778 successus
359 1728 449 1792 prima
459 1729 594 1794 taedaque
604 1729 697 1795 iugali,

63 1799 157 1852 Vertit
168 1811 234 1863 opes
244 1809 329 1863 gener
340 1797 373 1846 ad
385 1796 503 1857 Poenus,
515 1796 667 1863 Latiaeque
678 1796 767 1849 soluto
824 1828 827 1835 ·

63 1867 189 1920 Foedere
202 1866 347 1928 amicitiae,
359 1865 464 1916 dotalia
474 1865 613 1915 transtulit
624 1881 707 1916 arma.
829 1868 863 1919 tt

65 1936 119 1989 Sed
131 1952 185 1986 non
195 1936 315 1986 Ausonio
328 1950 455 1986 curarum
469 1941 593 1986 extrema
604 1932 758 2002 Syphacem

63 2006 181 2057 Ductori
191 2006 329 2055 monuisse
339 2004 399 2067 luit,
412 2007 449 2054 sit
459 2005 537 2067 lidus,
548 2011 576 2054 et
586 2007 671 2056 ictum

65 2075 200 2127 Obserret
210 2074 317 2137 foedus,
328 2090 380 2126 neu
393 2075 468 2142 pacis
479 2076 540 2124 iura
550 2075 680 2137 resolvat,

64 2143 126 2197 Stet
135 2159 221 2212 regno
227 2181 235 2207 ,
254 2150 364 2211 reputet
375 2142 510 2212 Superos,
532 2151 616 2210 pacta
626 2143 735 2210 hospita
747 2160 801 2197 ser-

537 2220 596 2265 ret:

61 2285 160 2352 Longe
172 2284 308 2351 coniugia,
320 2300 352 2335 ac
363 2284 445 2352 lunge
459 2285 561 2351 Tyrius
571 2284 750 2350 Hymenaeus
830 2286 863 2335 su

63 2356 138 2406 luter
147 2353 304 2406 Dardanius
315 2355 389 2406 acies
400 2353 469 2405 lore.
500 2353 638 2422 Sanguine
650 2355 758 2420 quippe,

64 2424 92 2476 Si
103 2429 210 2488 renuat,
221 2423 321 2474 blando
334 2425 443 2475 nimium
456 2423 583 2491 facilique
593 2424 692 2472 ntanto

63 2492 176 2545 Statura
187 2493 318 2561 obsequia
330 2500 358 2545 et
368 2492 482 2545 thalami
492 2490 633 2560 flagrantis
644 2505 761 2543 amores.

64 2562 109 2614 Sic
121 2563 220 2614 Latius
230 2564 367 2630 permixta
376 2564 456 2614 minis
467 2569 497 2614 et
507 2577 590 2613 cussa
596 2561 738 2612 monetat

58 2633 175 2693 Ductor,
184 2648 248 2684 narn
260 2635 361 2688 surdas
374 2636 481 2688 coniux
491 2634 685 2687 o‘ostruxerut
690 2642 794 2678 aures.

49 2700 136 2767 Ergo,
150 2716 235 2768 asper
243 2709 366 2763 numicis
377 2709 494 2762 frustra
503 2703 788 2762 nitentnussffiffi

861 2615 908 2659 ‘Na
