1920 2962
135 174 186 226 234
335 172 364 222 C.
391 169 495 223 SlLll
525 167 689 221 sTALlGl

132 294 234 344 Aoniae
245 291 341 344 laudes
351 292 452 366 sensim
462 290 607 342 testudinis
618 304 707 352 orsus,

133 362 305 415 Concordem
317 360 441 413 citharae
452 360 538 412 morit
548 375 597 426 per
609 360 734 411 carmina
744 359 870 429 linguam,

72 434 124 484 440
137 432 256 484 Vincere
265 432 419 499 linquentes
430 432 515 482 vitam
527 445 596 497 quae
609 431 698 495 possit
709 429 811 483 olores.

132 504 221 570 Atque
232 500 326 553 haece
337 501 429 552 multis
439 501 542 566 carpsit
552 498 713 551 mollissima
724 514 836 552 mensae

133 570 235 639 [Facta
254 573 367 639 antiqua
385 571 492 631 virum,
520 568 641 635 placidus
667 572 729 705 quqs
756 569 869 621 mulceat

611 652 701 689 aures.

131 708 265 777 Argolicis
277 707 414 775 quondam
425 709 533 774 populis
544 707 678 770 (mirabile
689 708 768 759 dictu
774 707 793 772 l)

131 778 271 830 Exaudite
282 776 386 844 chelys,
396 777 515 844 lapidem
526 776 664 828 testudine
676 776 744 828 felix

70 847 122 898 445
132 847 252 911 Ducere,
265 853 293 899 et
302 848 331 897 in
341 862 434 898 muros
445 847 569 913 posuisse
580 846 703 898 volentia
714 862 792 899 saxa

131 918 210 969 llaec
221 915 382 982 Amphionio
393 917 503 967 vallavit
512 917 621 982 pectine
634 914 756 980 Thebas,

130 989 178 1049 Ac,
189 987 265 1037 silice
277 986 423 1052 aggeribus
435 1000 485 1052 per
496 1001 526 1036 se
537 985 687 1037 scandente
699 989 817 1051 vocatis,

133 1056 214 1107 lussit
224 1056 253 1106 in
262 1056 424 1106 immensum
435 1060 561 1106 cantatas
572 1070 685 1122 surgere
696 1062 796 1109 turres.

132 1125 238 1189 Altera,
249 1124 388 1177 turbatum
399 1125 504 1193 plectro
516 1126 661 1176 moderata
670 1125 844 1193 profundum,

70 1195 123 1246 450
134 1196 170 1247 Et
181 1197 270 1247 tenuit
282 1195 395 1263 phocas,
407 1196 473 1246 etin
485 1196 557 1246 omni
570 1195 674 1246 Protea
683 1194 776 1249 forma

132 1266 240 1327 Traxit,
252 1271 280 1316 et
291 1280 429 1332 aequoreo
440 1266 562 1331 portarit
572 1266 675 1316 Ariona
684 1265 780 1317 dorso.

131 1332 211 1395 Nam,
224 1349 294 1401 quae
303 1333 415 1385 Peliaca
424 1332 563 1386 formabat
572 1350 640 1401 rupe
653 1336 779 1389 canendo

133 1404 256 1453 Heroum
267 1407 373 1453 mentes
383 1407 413 1452 et
423 1405 514 1470 magni
524 1410 641 1471 pectora
650 1403 774 1470 Achillis,

133 1473 270 1523 centauro
283 1473 384 1522 dilecta
396 1470 491 1539 chelys
503 1480 694 1540 compesceret
702 1476 770 1538 iras,

70 1541 122 1591 455
134 1541 271 1593 Percussa
281 1542 344 1604 lidc,
354 1542 398 1594 vel
411 1543 502 1611 pelagi
513 1544 556 1595 vel
567 1545 653 1595 tristis
666 1546 775 1597 Averni.

130 1611 255 1679 Namque
278 1611 382 1676 chaos,
409 1628 521 1664 caecam
544 1613 681 1681 quondam
703 1616 763 1668 sine
786 1615 865 1667 sidere

607 1684 708 1735 molem

131 1751 193 1804 Non
204 1759 333 1821 surgente
346 1752 403 1814 die,
421 1767 454 1803 ac
465 1753 594 1804 mundum
606 1754 664 1804 sine
674 1754 738 1807 luce
749 1754 865 1807 canobel-

132 1824 204 1873 Tum
214 1823 290 1874 Deus
301 1829 333 1873 ut
343 1822 437 1890 liquidi
448 1822 575 1873 discissct
585 1829 683 1890 stagnra
693 1824 831 1891 profundi,

132 1892 305 1960 Tellurisque
316 1893 427 1960 globum
439 1892 529 1943 media
542 1908 675 1960 compage
686 1892 823 1947 locasset:

69 1959 121 2010 400
132 1962 169 2012 Ut
181 1961 283 2011 celsum
296 1961 408 2025 Superis
419 1961 544 2013 habitare
556 1962 677 2014 dedisset
689 1964 845 2032 Olympum,

131 2031 266 2096 Castaque
279 2027 389 2080 Saturni
400 2032 573 2082 monstrabat
584 2032 677 2083 sccula
688 2036 786 2100 patris

131 2096 205 2160 Sed,
232 2114 301 2165 quos
326 2099 453 2166 pulsabat
472 2100 624 2168 Rhipaeum
650 2102 685 2152 ad
713 2101 863 2170 Strymona,

606 2187 692 2233 nervi,

130 2237 244 2287 Auditus
256 2235 377 2303 Superis,
389 2240 497 2291 auditus
509 2240 632 2292 manibus
645 2239 783 2308 Orpheus,

131 2307 253 2360 Emeritc
265 2306 371 2375 fulgent
381 2309 456 2360 clara
467 2311 538 2361 inter
549 2311 640 2362 sidera
651 2312 740 2363 coelo.

29 2398 32 2403 Α
69 2376 120 2427 405
132 2379 212 2430 Hunc
223 2380 306 2430 etiam
319 2384 416 2442 mater,
429 2385 490 2430 tota
500 2383 647 2433 conritante
658 2397 788 2434 sororum

128 2449 262 2500 Aonidum
273 2449 362 2513 turba,
374 2455 462 2501 rnater
473 2451 573 2502 miratu
584 2457 738 2503 canentem.

127 2516 154 2568 N
156 2532 190 2567 on
201 2518 248 2569 illo
259 2519 389 2588 Pangaea
399 2521 464 2590 iuga
476 2527 524 2571 aut
532 2522 685 2572 Mavortius
696 2523 829 2583 Haemus,

114 2588 182 2642 Non
193 2589 245 2643 illo
256 2591 421 2645 modulante
435 2607 520 2645 sonos
530 2591 609 2642 stetit
614 2590 714 2640 ultima
721 2590 842 2642 Thraces

107 2664 181 2718 Cum
192 2665 275 2719 silvis
286 2681 398 2720 rcncrc
410 2664 506 2726 ierac,
516 2657 731 2714 commeatibus
738 2672 841 2707 amnes

24 2730 86 2786 470
92 2736 268 2796 Immemor
279 2748 314 2797 ct
327 2740 428 2796 dulc-is
439 2736 516 2799 nidi,
523 2731 681 2803 positoque
688 2723 792 2771 rubum
