1920 2962
184 216 437 268 PUNlCORUM
466 217 545 269 [ΑΒ.
572 218 645 271 XVl.
742 221 793 272 349

54 341 89 390 rit
102 344 255 404 postremus
267 336 355 401 Atlas3
366 338 416 388 sed
427 353 480 387 non
493 343 521 388 et
531 341 640 404 segnior
649 338 707 388 ibat

56 410 201 460 Postremo
214 407 314 457 Durio:
326 408 401 473 pacis
412 407 445 457 de
456 421 531 457 more
542 414 653 474 putares
803 407 853 458 38⁰

59 479 181 545 aequata
191 476 282 527 fronte
293 481 322 526 et
334 475 465 526 concordi
476 492 586 527 currere
597 476 684 528 freno.
900 470 903 479 '

58 545 150 598 Sensit
161 552 191 596 ut
202 543 359 607 exhaustas,
371 546 416 612 qui
429 547 569 612 proximus
580 546 647 608 ibat,
661 545 778 596 Hiberus

58 615 192 668 Callaicas
203 616 286 680 Cyrni
296 616 376 676 vires,
388 629 447 677 neo,
459 621 489 665 ut
500 621 572 678 ante,
584 616 664 666 salire

57 686 242 752 Praecipitem
255 699 372 744 currum,
385 690 413 734 et
423 684 559 735 fumantes
570 685 683 735 verbere
694 684 755 750 cogi

57 754 174 806 Assiduo
185 754 320 804 violenter
334 768 428 820 equos,
442 768 492 804 ceu
504 760 596 804 monte
605 753 727 821 procella
806 752 856 802 385

59 825 126 874 Cum
139 824 230 874 subita
241 837 275 874 ex
287 823 342 873 alto
354 823 417 886 ruit,
429 838 514 890 usque
527 823 561 874 ad
574 823 645 873 colla
656 828 768 889 repente

58 893 242 960 cornipedum
259 897 416 958 protentus,
438 898 467 943 et
481 893 509 943 in
527 894 619 959 capita
635 892 721 943 ardua
732 906 796 959 pen-

535 962 610 1023 dens,
721 973 724 977 ’

58 1032 187 1082 Concitet
199 1030 349 1092 ardentem,
361 1030 435 1097 quod
445 1029 531 1091 ferret
540 1031 601 1082 lora
610 1031 754 1094 secundus,

59 1099 229 1162 Panchateu,
241 1113 379 1165 vocesque
390 1099 466 1149 addit
478 1115 540 1149 cum
554 1100 665 1150 verbere
677 1102 788 1151 mixtas:

59 1160 247 1231 Tencsrlstur,
261 1172 385 1218 certante
391 1166 462 1218 feret
469 1170 609 1235 quisquam
616 1169 798 1235 aequorepnl·

536 1252 608 1287 mam
809 1237 859 1288 390

59 1303 183 1372 Ereptol
194 1306 342 1374 consurge,
353 1306 425 1368 vola,
439 1305 579 1371 perlabere
592 1322 721 1373 campum

58 1377 181 1428 Assuetis
193 1375 273 1426 velox
285 1377 388 1442 pennis.
418 1376 562 1427 Decrescit
573 1375 670 1428 anhelo

59 1447 178 1498 Pectore
191 1453 348 1497 consumtus
359 1446 497 1513 Lampon:
510 1462 560 1498 noc
572 1453 658 1498 restat
669 1445 763 1510 hianti,

61 1518 149 1577 Quem
159 1514 232 1566 ferat
241 1516 275 1566 ad
283 1522 380 1577 metas,
391 1517 444 1566 iam
451 1517 569 1581 spiritus.
581 1517 709 1567 llaecubi
716 1517 799 1579 dicta,

60 1586 148 1636 Tollit
160 1599 189 1634 se
201 1586 320 1650 sonipes,
333 1599 383 1635 ceu
393 1589 459 1634 tunc
471 1599 486 1635 e
497 1599 608 1635 carcere
618 1587 705 1651 primo
809 1584 859 1634 395

59 1654 220 1718 Corriperet
231 1653 358 1718 spatium,
370 1658 406 1714 et,
418 1654 693 1720 nitentcmopponere
702 1659 800 1705 cwvos

60 1727 115 1775 Aut
127 1735 245 1788 aequare
257 1720 367 1788 gradus,
380 1722 499 1786 Cyrnum
511 1727 658 1788 postterga
666 1722 800 1788 relinquit.
824 1769 827 1775 .

62 1791 215 1845 confremit
225 1795 254 1840 et
266 1789 380 1852 coelum,
392 1795 420 1839 et
432 1804 576 1856 percussus
587 1790 700 1840 vocibus
711 1790 773 1841 altis

61 1861 241 1929 spectantum
254 1860 356 1910 Circus.
385 1860 485 1909 Fertur
496 1858 609 1909 sublime
620 1873 669 1924 per
681 1874 761 1909 auras

61 1932 148 1983 Altius
159 1929 287 1980 attollens
298 1928 433 1980 cervicem
444 1929 533 1978 victor
543 1934 670 1979 ovantem
808 1931 860 1981 400

60 1998 225 2060 Panchates,
237 1999 381 2065 sociosque
394 1995 480 2047 trahit
491 1999 566 2064 prior
576 1999 634 2063 ipse
646 1998 758 2066 iugales.

60 2073 96 2122 nt
105 2075 261 2137 postremus
271 2067 355 2129 Atlas,
367 2067 468 2118 Durius
480 2074 633 2133 postremus
643 2069 670 2118 in
682 2068 775 2119 orbem

62 2142 200 2192 Exercent
210 2144 292 2200 artes,
302 2137 395 2188 laevos
407 2153 477 2187 nunc
489 2139 593 2204 appetit
602 2137 648 2188 ille

62 2212 192 2271 Gonatns,
204 2223 274 2258 nunc
285 2207 331 2258 ille
342 2209 449 2273 premit,
462 2213 603 2275 certatque
613 2208 704 2259 subire

61 2279 176 2341 Dexter,
188 2284 216 2328 et
227 2277 323 2328 alterni
334 2277 514 2344 nequidquam
526 2277 621 2329 fallere
633 2284 754 2330 tentant:
809 2275 860 2326 4o5

62 2349 168 2410 Donec,
181 2347 299 2398 conlisus
310 2348 465 2412 primaevae
474 2345 542 2400 flore
552 2350 688 2410 iuventae,

62 2418 208 2486 Obliquum
221 2418 322 2466 Durius
334 2418 471 2468 conversis
482 2432 584 2483 pronus
595 2415 709 2467 habenis

62 2488 200 2553 Opposuit
211 2502 328 2547 currum,
341 2492 422 2553 atque
433 2501 556 2537 eversum
568 2486 689 2553 propulit
700 2500 777 2536 axem

62 2557 178 2608 Atlantis
188 2556 264 2607 senio
275 2556 393 2618 invalidi,
406 2556 454 2607 sed
465 2557 539 2607 iusta
548 2557 707 2625 querentis·-

64 2628 124 2687 Qlw
139 2623 215 2676 mis?
235 2631 284 2676 aut
300 2628 412 2696 quinam
421 2625 471 2682 hio
486 2627 585 2681 ratim
599 2623 771 2731 ceptamxdxs
785 2620 836 2666 aaa
862 2668 925 2716 m

558 2714 645 2754 mos.

43 2760 174 2812 Etnobis
186 2768 218 2814 et
229 2769 314 2834 equis
325 2770 422 2828 istum
437 2786 608 2830 commune
614 2767 760 2820 assuras·
