1920 2962
230 123 481 184 PUNICORUM
509 127 591 178 LlB.
619 128 639 179 1.
788 127 804 177 9

68 247 236 315 Sceptraque
248 247 370 297 fundarit
383 247 471 298 victor
479 246 594 297 Lavinia
603 247 731 298 Teucris:

65 318 138 368 Dum
150 317 273 367 Romana
283 320 356 378 tuae,
368 317 473 377 Tieine,
486 316 620 366 cadavera
629 318 706 383 ripae
827 313 864 363 45

64 387 127 438 Nen
139 387 264 452 capiant:
283 385 429 451 similisque
439 383 505 435 milri
515 400 565 450 per
575 385 679 436 Celtica
687 399 752 435 rura

65 455 203 523 Sanguine
214 454 366 520 Pergameo
379 454 481 504 Trebia
492 459 520 504 et
531 454 693 520 stipantibus
705 452 787 504 armis

64 524 287 591 (imparibusque
298 524 384 572 rirdm
395 529 469 574 retro
481 522 562 572 fluat:
582 538 614 573 ac
626 539 675 573 sua
684 523 761 590 largo

65 593 170 661 Stagna
179 591 339 643 reformidet
350 589 555 658 Thrasymenus
565 592 674 643 turbida
684 592 758 642 tabe.

63 663 136 713 Dum
154 663 260 712 Cannas
274 661 411 712 tumulum
430 661 595 727 Hesperiae,
623 675 800 728 campumque

538 745 634 781 cruere
726 752 729 759 ·
826 729 860 778 5⁰

62 801 182 852 Ausonio
194 814 313 851 mersum
325 798 446 849 sublimis
455 798 561 866 iapyga
573 813 695 849 cernam:

64 871 159 937 Teque
171 869 234 919 vadi
246 868 357 918 dubium
369 867 538 928 coeuntibus,
550 867 654 930 Aulide,
664 869 730 933 ripis

61 939 116 990 Per
128 939 241 1005 clipeos,
253 937 399 1004 galeasque
410 937 506 998 rirdnr,
519 951 668 1004 caesosque
678 952 728 1003 per
739 941 814 986 artus

61 1008 115 1060 Vix
126 1009 180 1058 iter
189 1006 323 1057 Hadriaci
333 1011 502 1073 rumpentem
515 1006 550 1056 ad
559 1006 641 1056 litora
651 1006 736 1072 ponti.

60 1077 140 1129 llaec
153 1078 204 1140 ait3
224 1091 256 1126 ac
266 1077 391 1127 iuvenem
402 1073 480 1125 iacta
491 1074 524 1124 ad
533 1075 673 1125 Mavortia
683 1074 813 1125 flammat.
825 1074 861 1123 55

59 1147 173 1214 Ingenio
185 1151 275 1196 metris
287 1144 390 1206 avidus,
401 1144 518 1211 fideique
530 1145 638 1195 sinister

58 1217 88 1269 ls
98 1214 167 1264 luit:
187 1228 353 1281 exsuperans
365 1219 439 1277 astu3
459 1213 507 1263 sed
518 1213 611 1264 devius
623 1213 711 1279 aequi.

58 1286 174 1337 Arnrete
186 1284 273 1334 nullus
285 1284 384 1334 Divum
394 1282 496 1350 pudor:
514 1282 640 1349 improba
649 1284 744 1342 virtus,

57 1353 98 1405 Et
108 1353 185 1419 pacis
196 1352 341 1419 despectus
352 1351 455 1403 honos:
473 1354 634 1420 penitusque
644 1350 767 1402 medullis

59 1421 206 1489 Sanguinis
216 1419 326 1472 humani
336 1421 436 1490 flagrat
444 1422 518 1472 sitis:
538 1419 579 1473 his
591 1436 681 1489 super,
693 1421 753 1471 aevi
824 1415 858 1468 60

57 1491 141 1544 Flere
152 1492 252 1553 virens,
264 1497 327 1542 avet
335 1492 453 1559 Aegates
465 1491 588 1553 abolere,
600 1496 743 1558 parentum

57 1559 198 1622 Dedecus,
210 1575 242 1610 ac
254 1558 345 1611 Siculo
354 1561 515 1627 ‚demergere
526 1559 639 1610 foedera
649 1565 741 1625 pente.

58 1629 119 1681 Dat
128 1635 246 1680 mentem
257 1631 335 1692 lune,
347 1645 379 1680 ac
389 1629 499 1681 laudum
510 1646 557 1696 spe
568 1629 653 1679 cerda
663 1628 769 1695 fatigat.

58 1699 173 1764 lamque
186 1704 232 1749 aut
245 1705 380 1750 nocturno
390 1705 518 1765 penetrat
530 1698 664 1765 Capitolia
674 1700 742 1759 visu,

57 1769 114 1819 Aut
120 1768 223 1834 rapidis
234 1768 322 1821 fertur
332 1782 381 1832 per
392 1782 511 1817 summas
521 1767 644 1832 passibus
654 1766 744 1830 Alpes,
824 1763 860 1814 55

61 1834 152 1902 Saepe
164 1835 352 1885 etiamfamuli
364 1834 473 1884 turbato
486 1834 520 1884 ad
530 1834 622 1883 limina
632 1848 727 1883 somne

59 1905 207 1972 Expavere
218 1908 324 1953 trucem
335 1917 384 1968 per
394 1908 473 1954 vasta
483 1902 590 1952 silentia
604 1916 708 1964 vocem,

43 1991 48 2004 =
59 1975 101 2024 Ac
110 1973 188 2040 largo
201 1971 301 2023 sudore
311 1972 398 2022 virum
408 1973 535 2023 invenere
546 1970 652 2022 futuras

60 2043 224 2093 Miscentem
235 2057 354 2108 pugnas,
367 2046 394 2092 et
404 2042 495 2092 inania
505 2039 576 2092 bella
588 2046 736 2108 gerentem.

60 2111 143 2162 Hanc
154 2112 257 2162 rabiem
268 2112 296 2161 in
306 2111 373 2162 fines
384 2110 497 2172 ltaldm,
510 2109 690 2178 Saturniaque
701 2126 767 2161 arva
825 2113 859 2161 m

59 2179 211 2231 Addiderat
223 2180 358 2247 quendam
371 2195 455 2246 puero
466 2181 571 2245 patrius
581 2179 665 2230 furer.
694 2181 777 2232 Ortus

61 2247 276 2317 Sarranaprisei
285 2250 391 2299 Barcae
403 2248 436 2299 de
448 2255 538 2316 gente,
550 2255 674 2299 vetustos

59 2320 85 2368 A
95 2318 163 2369 Belo
175 2319 337 2369 numerabat
347 2334 420 2369 aves.
449 2317 571 2385 Namque
583 2318 651 2368 orba
661 2320 759 2368 marite

61 2388 130 2438 Cum
141 2387 249 2454 fugeret
259 2387 331 2438 Dide
342 2387 472 2438 famulam
483 2388 589 2453 Tyren,
601 2388 685 2452 impia
696 2387 747 2436 diri

59 2456 172 2508 Belides
182 2457 285 2507 iuvenis
296 2457 430 2507 vitaverat
442 2471 518 2506 arma
527 2458 646 2522 tyranni,
825 2457 841 2506 i
844 2457 859 2504 5

59 2526 98 2575 Et
108 2540 138 2576 se
150 2526 311 2591 participem
323 2541 402 2576 casus
415 2526 535 2576 sociarat
544 2527 571 2575 in
583 2540 684 2575 omnes.

60 2592 227 2644 Nobilishec
240 2600 310 2655 ertu,
323 2600 351 2645 et
363 2594 461 2645 dextra
473 2600 618 2662 spectatus
624 2593 790 2650 hamilear,

60 2665 98 2714 Ut
108 2661 160 2712 fari
170 2664 341 2734 primamque
353 2664 448 2719 datum
462 2665 755 2736 distinguerelimgue-
