1920 2962
264 171 525 223 ponteonem
544 173 623 223 ΗΒ.
651 172 689 222 ΙΙ.
812 173 844 223 31

108 292 209 342 Verum
220 297 259 351 ut,
273 305 354 356 opum
364 291 457 355 levior,
471 297 571 342 venatu
583 291 730 342 extendere
742 293 825 342 vitam

106 360 215 420 Abnuit,
226 365 308 426 atque
319 367 396 410 artae
406 376 451 411 ros
462 375 580 428 exegere
591 375 640 427 per
652 375 685 411 ae
724 376 765 422 or,

106 430 229 494 Coniuge
242 444 303 478 cuni
313 429 409 479 Meroe
420 432 545 497 natisque
557 429 687 496 inglorius
718 444 798 496 ospes

107 499 230 549 latraret
240 499 366 548 miseram
377 497 435 548 fato
446 499 563 550 ducente
575 496 734 564 Saguntum.
854 499 904 548 lot

108 568 207 630 Coryti
217 565 332 616 fratrum
343 581 378 616 ex
389 565 516 629 humeris,
528 568 680 632 calamique
689 568 796 632 paterni

107 634 278 695 Pendebant,
288 635 452 702 uolucerque
464 635 586 701 chalybs,
598 636 703 686 Minoia
712 635 775 685 tela.

106 705 172 765 Hic,
183 705 288 754 medius
297 705 433 764 iuvenum,
445 704 584 769 Massylae
596 706 685 771 gentis
695 705 722 754 in
734 719 830 770 agmen

108 772 212 823 Crebra
224 773 355 838 Cydoneo
366 772 498 823 fundebat
506 773 611 838 spicula
629 787 722 822 cornu.

58 850 74 869 ⁸
106 843 167 892 lam
179 842 337 903 Garamum,
349 841 534 909 audacemque
544 839 677 905 Thyrum,
689 842 844 907 pariterque

580 914 690 960 ruentes
855 911 904 959 110

109 979 853 1047 Gisgonem,leremqueBagam,indignumquesagittae

106 1048 248 1113 lmpubem
258 1049 344 1099 malas
355 1055 412 1098 tam
424 1055 516 1099 certae
529 1063 674 1106 occurrere
684 1048 795 1113 Lyxum

105 1117 238 1178 Fuderat,
250 1123 278 1166 et
289 1117 369 1182 plena
379 1118 517 1167 tractabat
528 1117 600 1167 bella
610 1114 749 1182 pharetra.

107 1187 189 1246 Tum,
199 1186 302 1236 vultum
312 1186 455 1236 intendens
466 1187 603 1252 telumque
613 1187 641 1235 in
652 1186 763 1251 virginis
779 1200 836 1247 ora,

105 1255 254 1306 Desertum
266 1271 319 1305 non
332 1261 412 1321 grata
422 1255 514 1305 lovem
526 1270 574 1321 per
585 1260 652 1305 vota
665 1255 791 1304 vocabat.
854 1255 904 1304 115

104 1322 232 1390 Namque
243 1329 273 1373 ut
283 1322 407 1374 fatiferos
421 1326 543 1374 converti
556 1324 689 1391 prospicit
701 1339 789 1385 arcus,

105 1393 242 1458 Opposito
255 1393 349 1458 procul
359 1393 462 1443 insidiis
474 1392 654 1444 Nasamonias
666 1393 761 1459 Harpe

106 1462 843 1528 Corporepraeripuitletum,calamumquevolantem,

103 1531 179 1580 Dum
192 1530 300 1592 clamat,
312 1531 405 1596 patulo
418 1533 555 1598 excipiens
566 1532 684 1582 tramisit
695 1529 785 1580 hiatu:

103 1600 143 1650 Et
154 1600 257 1666 primae
267 1598 369 1649 ferrum
381 1615 398 1650 a
407 1605 486 1667 tergo
499 1601 591 1650 vidore
602 1614 720 1651 sorores.
854 1600 904 1648 llo

103 1669 140 1719 nt
151 1670 257 1718 comitis
268 1667 395 1719 frendens
407 1685 472 1720 casu
482 1669 603 1720 labentia
613 1671 690 1735 virgo

102 1737 231 1789 Membra
240 1737 321 1798 levat,
334 1753 472 1804 parvaque
483 1739 578 1788 oculos
587 1739 642 1786 iam
649 1737 711 1786 luce
718 1739 844 1784 natantes

102 1807 210 1859 Inerat
221 1806 354 1866 lacrimis,
365 1807 486 1870 totisque
497 1807 592 1854 annisa
603 1804 705 1854 doloris

103 1875 218 1928 Viribus
229 1874 368 1938 intorquet
378 1873 485 1923 letalem
496 1875 524 1922 iu
536 1873 644 1923 moenia
655 1884 775 1921 cornum.

102 1943 155 1996 llla
164 1943 260 1994 uolans
272 1940 413 1992 humerum
425 1943 521 2008 rapido
534 1941 740 1993 transverberat
750 1939 807 1989 ictu
853 1938 903 1988 lat

105 2014 237 2064 conantis
249 2011 381 2077 Dorylae,
393 2013 492 2062 iunctis
502 2012 556 2061 iam
570 2010 698 2061 cornibus
711 2024 799 2070 arcus,

103 2083 143 2134 Et
152 2082 229 2133 ducti
240 2083 357 2148 spatium
367 2082 442 2132 nervi
454 2081 607 2148 complente
618 2081 729 2147 sagitta,

103 2152 244 2203 Excutere
253 2153 386 2202 inventos
398 2150 519 2201 resoluto
531 2150 629 2217 pollice
641 2148 750 2200 ferrum.
779 2198 783 2211 ,

105 2222 178 2272 Tum
189 2221 307 2272 subitum
318 2222 347 2270 in
357 2221 454 2270 vulnus
465 2234 598 2286 praeceps
608 2218 760 2270 devolvitur
775 2217 836 2268 altis

103 2291 256 2358 Aggeribus
266 2292 348 2341 muriz
366 2290 497 2356 iuxtaque
510 2290 637 2340 cadentia
646 2287 768 2339 membra
852 2285 902 2335 130

97 2359 194 2415 Effusi
204 2374 285 2411 versa
295 2359 392 2409 calami
402 2358 507 2410 fluxere
517 2357 655 2424 pharetra.

103 2429 251 2480 Exclamat
261 2429 372 2493 paribus
382 2427 469 2478 frater
478 2429 582 2479 ricinus
593 2429 621 2476 in
633 2427 714 2476 armis

102 2499 207 2558 Icarus,
220 2497 368 2563 ulciscique
380 2503 460 2563 parat
469 2496 635 2547 lacrimabile
647 2494 748 2544 iatum:

103 2566 192 2633 Atque
201 2566 286 2626 illum,
297 2568 394 2632 raptim
407 2571 576 2631 promentem
588 2566 616 2615 in
628 2563 845 2630 proeliatelum,

102 2634 244 2685 Hannibal
255 2637 360 2686 excussi
371 2636 525 2703 praevertit
535 2634 651 2688 turbine
661 2635 737 2686 saxi.
877 2620 937 2670 W*

95 2702 244 2754 Labunwr
251 2703 346 2772 gelido
358 2709 507 2778 torpentia
517 2707 635 2779 frigore
644 2704 798 2759 membra,
