1920 2962
169 173 220 225 854
359 175 388 224 G.
418 171 522 224 SILII
552 172 718 225 ITALIGI

167 293 227 343 Una
239 307 301 343 enm
310 298 420 359 raperet
430 291 540 343 flamma
550 306 643 359 rogus,
653 293 754 360 impius
764 295 833 361 ignis

168 361 301 423 Dissiluit,
313 362 418 412 cineres
437 376 471 412 ue
483 360 561 412 simui
570 360 688 412 iacuisse
699 370 843 429 negarunt

109 429 159 478 550
172 431 271 481 Cetera
281 429 410 481 distinmo
420 377 524 481 {onata
533 435 576 480 est
586 444 699 481 munere
708 430 801 495 turba,

169 500 206 550 Ut
214 500 300 549 virtus
312 504 340 548 et
350 498 448 550 dextra
457 497 516 549 fuit.
544 499 656 549 Duxere
667 500 809 564 iuvencos,
886 507 890 515 ’

169 567 310 634 impressis
322 566 425 619 dociles
435 573 537 619 terram
550 567 728 634 proscindere
739 572 851 622 aratris.

168 636 278 687 Duxere
290 642 415 687 assuetos
426 635 512 687 lustra
522 637 663 702 exagitare
674 636 797 689 serarum

168 705 278 757 Venatu
287 706 407 767 Iuvenes,
418 719 486 773 quos
497 704 545 756 dat
554 706 695 756 Maurusia
705 708 818 773 praeda.

107 772 157 823 555
168 771 291 824 Necnon
302 775 417 841 argenti,
428 789 479 825 noo
489 789 543 824 non
553 775 669 841 insignia
680 777 767 828 restis

167 844 296 910 Captlvae
306 844 405 908 pretia,
416 850 444 895 et
453 844 571 910 sonipes,
583 848 611 893 et
622 844 707 894 erIsta
716 846 815 897 nitenti

167 913 311 979 insurgens
323 926 403 974 eono,
413 913 502 980 spolia
513 912 681 980 exuviaequo
692 912 839 981 Libyssae.

167 981 238 1030 Tum
248 980 338 1031 iaculo
349 983 453 1047 petiere
465 982 557 1045 decus,
568 982 729 1048 spectacula
740 985 813 1036 circi

166 1049 319 1113 Postrema,
331 1056 360 1102 et
370 1056 460 1103 metae
471 1055 611 1103 certarunt
621 1053 734 1104 vincere
745 1054 827 1105 tinem

107 1115 156 1170 560
168 1119 271 1173 Burrus
282 1121 339 1173 avis
351 1119 465 1189 pollens,
477 1136 555 1189 quem
566 1121 639 1171 misit
650 1122 712 1188 ripn
723 1123 834 1186 metalli,

169 1191 229 1252 Qua
239 1193 333 1259 Tagus
344 1189 470 1243 auriferis
480 1189 564 1256 pallet
574 1189 701 1242 turbatus
713 1194 813 1256 arenis,

165 1261 203 1309 Et
215 1260 326 1327 Glagus,
336 1262 450 1327 insignis
459 1264 556 1310 reatos
568 1260 672 1310 anteire
682 1259 801 1325 lacerto,

165 1328 210 1389 Et,
223 1329 298 1377 cuius
307 1343 443 1394 nunqnam
454 1328 557 1397 fugisse
568 1327 678 1380 hastilia
690 1332 766 1381 cervi
777 1340 789 1361 ¹

165 1395 332 1462 Praernpida
341 1403 457 1463 potuere
468 1397 543 1466 iuga,
554 1402 669 1449 venator
679 1400 826 1465 Aconteus,

105 1463 154 1514 555
166 1464 348 1532 Indibilisque,
361 1466 406 1517 diu
416 1467 505 1518 laetus
515 1467 616 1519 bellare
628 1467 746 1534 Latinis,

165 1535 223 1585 Iam
234 1537 334 1598 socius,
344 1536 523 1604 volucresque
534 1552 617 1605 vagas
629 1537 800 1604 deprendere
808 1536 870 1590 nube

163 1604 293 1656 assuetus
303 1605 408 1667 iaculis,
418 1605 490 1657 idem
503 1612 531 1657 et
541 1606 666 1669 bellator,
678 1608 791 1660 Ilerdes.

164 1673 238 1726 Laus
250 1675 330 1726 Burri
340 1677 436 1742 prima,
447 1676 536 1726 infixit
546 1677 590 1742 qui
601 1677 707 1742 spicula
717 1684 821 1741 metae3

163 1744 215 1794 [ist
225 1745 325 1795 donum
335 1760 423 1807 serra,
437 1744 558 1796 albentes
567 1746 704 1797 invertere
714 1746 793 1799 lanas

104 1811 154 1861 5111
165 1813 271 1865 Murice
284 1814 502 1865 Gaetulo-docta.
531 1815 574 1876 At,
587 1828 668 1882 quem
679 1817 806 1882 proxima
814 1814 885 1867 hono·

635 1892 700 1935 rant

163 1948 297 2011 Praemia,
309 1952 424 2002 vicinam
435 1958 525 2004 metae
537 1954 583 2020 qui
593 1955 715 2020 propulit
726 1952 840 2017 hastam,

161 2019 282 2084 Accepto
293 2020 379 2071 laetus
390 2037 475 2087 puero
487 2023 612 2073 discessit
623 2022 738 2085 Ilerdes,

162 2088 209 2136 Cui
222 2087 309 2149 ludus,
321 2091 420 2141 nullam
434 2106 515 2142 eursu
526 2107 579 2142 nou
590 2092 688 2144 tollere
701 2093 819 2146 daniam.

161 2156 257 2206 Tertia
268 2158 357 2223 palma
368 2157 463 2210 habuit
473 2163 596 2228 geminos
606 2163 720 2230 insigms
731 2165 862 2215 Aconteus

102 2223 150 2272 575
162 2223 219 2274 Noc
230 2227 340 2276 timidos
352 2230 456 2294 agitare
469 2246 550 2281 canes
560 2231 706 2284 latratibus
718 2248 823 2302 aprum.

162 2294 237 2355 Quos
253 2302 395 2363 postquam
413 2299 516 2351 clamor
532 2300 697 2369 plaususque
708 2304 836 2370 probarit
846 2299 885 2352 1111·

632 2386 726 2432 nores,

159 2432 315 2486 Germanus
324 2434 401 2486 dubis
410 2442 491 2503 atque
502 2437 633 2504 effulgens
645 2439 761 2492 Laelius
772 2448 847 2493 ostro

151 2503 282 2557 Nomina
292 2522 396 2575 magna
402 2505 581 2556 rotantlaet'x
587 2520 734 2570 manesque
738 2510 878 2569 iacentum,

149 2577 251 2646 Atque
262 2575 369 2629 hastas
379 2574 464 2627 slmul
472 2573 627 2625 etluaunm.
650 2572 899 2624 §messanensium

79 2644 139 2699 58⁰
152 2647 311 2702 sacratos
322 2649 452 2708 eineres,
461 2650 548 2710 atque
552 2639 615 2688 bos
623 2637 711 2685 nesus
718 2637 904 2687 asseremus

150 2724 229 2794 lpse
244 2721 357 2783 etiam,
367 2714 482 2768 mentis
491 2713 619 2762 testatus
629 2703 736 2768 ganum
740 2703 837 2771 nnuma
