1920 2962
150 177 199 229 116
348 175 378 225 C.
405 171 508 225 SlLll
534 172 698 224 l'l'ALlGl

147 298 185 347 Ac
198 296 297 345 mixtus
310 295 434 359 sonipes,
445 293 613 359 dextraeque
622 293 650 341 in
660 291 791 355 vulnere,
804 294 885 347 caesi

147 367 302 415 Haerentes
312 360 412 413 hastis:
423 363 525 429 passim
536 361 694 428 clypeique,
704 359 861 431 iubaeque,

145 436 232 501 Atque
244 439 319 483 artus
330 434 421 483 trunci
432 432 566 497 capitum,
577 429 737 496 fractusque
748 431 868 485 iacebat

102 504 136 554 1⁰
149 503 262 554 Ossibus
272 504 299 552 in
310 503 384 553 duris
396 501 481 552 ensis:
493 514 545 551 nec
555 513 668 551 cernere
679 499 778 550 deerat

125 584 128 589 '
145 574 260 623 Frustra
271 573 436 623 seminecum
449 570 612 637 quaerentia
621 569 724 619 lumina
735 568 858 623 coelum.

146 643 217 692 Tum
229 656 357 708 spumans
369 642 445 691 sanic
455 640 546 701 lacus,
558 644 586 690 et
597 637 734 689 fluitantia
743 654 858 692 summu

145 713 291 762 Aeternum
302 709 412 761 tumulis
423 709 521 761 orbata
532 709 668 758 cadavera
677 713 773 774 ponto.

145 779 204 831 Nec
214 787 308 832 tamen
318 781 439 831 adversis
450 779 543 830 fuerat
552 776 644 828 fracta
654 777 725 828 Itala
735 778 835 831 virtus.

103 849 136 898 15
146 850 271 902 Bruttius
282 851 386 917 ingenti
399 847 571 900 miserandae
583 847 675 898 caedis
686 861 800 909 acervo,

145 919 168 968 N
172 935 206 970 on
213 934 329 986 aequum
337 925 478 969 ostentans
491 916 619 968 confosso
632 930 749 983 corpore
755 917 889 981 Martem,

144 988 289 1038 Extulerat
299 989 345 1036 rix
355 988 434 1037 triste
445 991 537 1052 caput,
547 991 712 1052 truncosque
722 984 857 1039 trahebat

145 1057 199 1107 Per
211 1061 341 1123 stragem,
352 1056 442 1105 nervis
453 1054 688 1116 interlabentibus,
700 1060 792 1120 artus3

146 1127 248 1177 'l'enuis
260 1136 356 1192 opum,
376 1140 431 1176 non
443 1130 521 1191 patre
535 1126 639 1187 nitens,
658 1124 801 1191 linguave3
819 1126 871 1179 sed

622 1208 703 1259 asper

102 1266 135 1313 2⁰
147 1265 229 1326 Ense,
239 1278 291 1314 nec
302 1279 317 1314 e
329 1263 432 1316 Volsca
442 1265 584 1331 quisquam
595 1263 729 1330 ringente
740 1263 862 1315 redemit

55 1346 63 1361 ·
144 1332 209 1383 Plus
220 1334 293 1393 aevi,
305 1348 355 1383 nec
365 1333 539 1399 magnanima
551 1347 619 1398 puer
631 1331 733 1382 addere
744 1346 807 1385 sese

142 1402 315 1452 Pubescente
326 1416 398 1468 gena
408 1403 505 1452 castris
518 1406 637 1467 optarat,
649 1407 677 1452 et
688 1401 746 1451 acrl

144 1471 277 1521 Flaminio
289 1475 430 1537 spectatus
441 1476 509 1532 erat,
522 1486 584 1522 cum
595 1470 699 1522 Celtica
707 1470 806 1533 victor,

146 1539 283 1590 Obrueret
292 1539 365 1590 bello
376 1539 453 1590 Diris
463 1540 621 1591 melioribus
633 1555 717 1590 arma.

102 1608 134 1657 25
146 1609 211 1659 lude
223 1606 321 1672 boner,
333 1625 366 1660 ac
376 1624 472 1661 sacrae
485 1610 612 1661 custodia
622 1610 713 1660 Marte
724 1608 776 1660 sub
789 1612 863 1662 omni

143 1677 233 1729 Alitis:
253 1678 316 1730 binc
327 1694 438 1731 causam
447 1681 561 1731 nutrivit
570 1678 659 1747 gloria
668 1678 725 1729 leti.

142 1746 279 1816 Namque,
289 1751 363 1802 necis
375 1756 481 1812 cestris,
494 1754 591 1816 captae
602 1746 748 1814 probibere
758 1750 884 1815 nequiret

144 1819 211 1868 cum
220 1819 331 1872 Poenos
344 1819 459 1888 aquilae,
471 1823 617 1886 postquam
628 1816 771 1867 subsidere
781 1816 842 1869 fata
865 1858 868 1863 .

143 1887 266 1950 Viderat,
279 1895 307 1941 et
316 1905 343 1939 m
401 1905 417 1938 a
426 1903 544 1955 pugnam
555 1887 687 1938 inclinare
697 1887 786 1949 ruina,

98 1956 132 2005 30
143 1957 277 2013 occulere
286 1905 424 2008 intelllm
435 1962 464 2006 et
473 1964 564 2029 terrae
579 1955 710 2006 mandare
723 1955 850 2021 parabat

142 2024 206 2087 Sed,
218 2027 315 2077 subitis
326 2028 415 2076 victus
425 2026 497 2088 telis,
508 2026 629 2077 labentia
639 2024 763 2076 membra

142 2094 297 2144 Prostravit
307 2110 398 2159 super,
411 2100 493 2162 atque
503 2096 606 2147 iniecta
614 2101 704 2146 morte
716 2094 838 2162 tegebat

142 2163 246 2215 Verum
261 2163 308 2212 ubi
322 2164 369 2213 lux
380 2170 462 2215 nocte
474 2180 489 2214 e
501 2162 599 2233 Stygia
610 2166 766 2232 miseroque
782 2180 883 2233 sopore

140 2231 267 2294 Reddita,
278 2233 359 2282 ricini
371 2233 404 2284 de
415 2239 508 2301 strage
520 2235 660 2286 cadaveris
672 2231 753 2284 hasta

99 2301 132 2351 35
144 2302 275 2368 Erigitur,
287 2301 400 2369 soloque
412 2304 506 2370 vigens
517 2306 669 2366 conamine,
679 2303 736 2354 late

142 2368 320 2438 Stagnantem
331 2371 416 2422 caede
428 2377 456 2422 et
466 2371 575 2425 facilem
587 2373 729 2426 discedere
745 2378 850 2425 terram

141 2441 215 2489 Ense
226 2440 305 2502 fodit,
318 2440 492 2509 clausamque
507 2443 614 2510 aquilae
631 2441 749 2494 infelicis
764 2443 883 2495 adoram

140 2509 276 2575 Effigiem,
288 2510 385 2575 palmis
395 2511 587 2579 languentibus
598 2518 699 2580 aequat
709 2527 817 2565 arenas.

56 2610 61 2616 -
136 2574 290 2644 supremus
301 2578 368 2632 fessi
378 2585 475 2632 tenues
486 2587 545 2633 tum
558 2584 642 2634 cessit
651 2583 677 2632 in
690 2597 771 2632 auras

78 2646 116 2693 40
122 2647 252 2714 Halitus,
265 2657 295 2704 et
306 2668 440 2725 magnam
450 2653 529 2705 misit
537 2652 588 2704 sub
597 2653 722 2702 Tartara
728 2656 859 2703 mentem.
869 2650 872 2655 '

107 2715 199 2771 quta
212 2738 339 2782 cernere
351 2733 420 2783 erat
430 2726 556 2781 meritae
568 2721 624 2774 sulii
632 2730 754 2787 noscere
763 2732 879 2767 cerm
