1920 2962
222 148 477 203 PUNIGORUM
503 150 585 203 ΗΒ.
609 151 662 205 Vl.
758 152 810 207 13⁵

69 269 174 338 Appius
180 268 309 321 adstabat
319 284 418 336 pugna,
428 268 561 337 lauroque
571 272 708 324 revinctus

68 341 177 391 lustum
188 337 308 391 Samene
317 337 436 389 ducebat
447 338 532 389 caede
545 338 720 408 triumphum,

69 411 245 476 Aequoream
254 409 332 459 iuxta
342 407 426 459 decus
436 411 465 459 et
474 407 570 459 navale
580 414 733 477 tropaeum,

69 476 175 529 Ro'stra
183 492 291 544 gerens,
301 477 381 527 nivea
389 475 521 544 surgebat
531 477 603 528 mole
614 477 759 539 columna:¹

68 547 194 598 Exuvias
204 546 289 597 Marti
298 545 454 615 donumque
464 545 583 609 Duilius,
594 546 650 597 alto
818 549 870 605 665

68 618 140 669 ente
153 629 345 667 omnesmarsa
354 614 510 665 Poenorum
521 615 618 679 classe,
631 616 748 668 dicabat.

69 683 131 747 cni,
141 689 290 735 nocuimus
302 680 399 744 honos,
411 681 515 734 funalis
526 684 601 735 clara
611 701 744 754 sacerque

68 753 140 807 Post
150 752 244 819 epulas
253 752 356 803 tibicen
367 751 459 815 adest3
479 758 623 821 castosque
634 761 748 821 penates

67 822 187 890 Insignis
196 821 262 872 laeti
274 820 419 886 repetebat
429 835 567 872 murmure
577 829 682 874 cantuar

69 891 166 943 Cernit
176 895 207 941 et
216 896 356 941 extremos
365 888 489 939 defuncti
500 890 566 941 ciris
576 888 705 944 honores.
819 896 870 947 oto

69 958 164 1026 Scipio
176 959 298 1010 ductoris
311 958 469 1009 celebrabat
480 957 577 1010 funera
586 960 682 1023 Poeni,

69 1027 180 1080 Sardoa
190 1029 279 1080 victor
289 1034 374 1079 terra.
404 1027 488 1080 Videt
497 1028 560 1079 inde
571 1037 695 1081 ruentem

68 1097 213 1151 Litoribus
223 1096 339 1163 Libycis
350 1097 474 1164 dispersa
484 1113 533 1163 per
546 1101 654 1165 agmina
665 1101 777 1166 pubem3

67 1167 195 1219 Instabat
205 1167 291 1217 crista
299 1165 414 1234 fulgens,
426 1172 454 1217 et
463 1171 543 1233 terga
553 1168 696 1233 premebat

68 1235 204 1304 Regulusr
222 1235 373 1298 Autololes,
384 1233 589 1302 Nomadesque,
603 1242 631 1286 et
642 1237 769 1301 Maurus,
782 1246 810 1290 et

546 1305 692 1369 Hammon,
817 1310 868 1360 675

67 1375 107 1426 Et
118 1373 254 1425 Garamas
264 1373 361 1440 positis
373 1372 511 1426 dedebant
521 1374 622 1442 oppida
632 1376 702 1427 telis.

66 1443 175 1495 Lentus
186 1458 302 1493 arenoso
314 1442 459 1509 spumabat
469 1443 598 1512 Bagrada
608 1460 705 1513 campo

66 1513 189 1579 Vipasca
199 1512 283 1575 sanie,
295 1515 445 1581 turmisque
454 1513 620 1565 minantibus
631 1514 703 1566 ultro

66 1580 346 1650 Pugnabatserpens,
358 1588 458 1633 etcum
469 1582 540 1634 duce
549 1583 623 1634 bella
632 1584 754 1651 gerebat.

66 1650 193 1703 Necnon
205 1652 359 1718 proiectum
372 1652 465 1718 puppi,
476 1651 631 1719 frustraque
641 1659 787 1704 vocantem
815 1653 867 1706 680

68 1720 198 1784 Numina,
206 1721 384 1786 Amyclaeum
393 1721 538 1789 niergebat
539 1721 652 1839 1perlida
662 1728 747 1788 ponto

73 1790 215 1843 Rectorem
226 1805 331 1853 manus,
343 1796 372 1840 et
382 1805 459 1840 seras
468 1790 527 1852 tibi,
565 1788 652 1855 cgule,
664 1805 768 1855 poenas

78 1856 246 1926 Xanthippus
257 1858 332 1926 digni
343 1857 483 1925 pendebat
492 1859 520 1907 in
531 1872 651 1923 aequore
662 1857 718 1907 leti.

88 1928 234 1980 ddiderant
244 1928 367 1995 geminas
378 1927 468 1977 medio
482 1940 647 1994 consurgere
659 1924 741 1976 fluctu

90 2005 199 2066 egates3
217 1997 328 2048 lacerae
340 1997 443 2048 circum
454 1995 608 2063 fragmenta
619 1996 727 2046 videres
815 1996 866 2048 685

93 2068 176 2128 assis,
189 2071 218 2116 et
228 2065 330 2117 effusos
340 2064 449 2116 lluitare
459 2066 485 2114 in
499 2066 607 2132 gurgite
617 2064 736 2116 Poenos.

99 2150 216 2186 issessor
228 2135 327 2202 pelagi,
338 2149 479 2201 pronaque
490 2134 619 2185 Lutatius
631 2149 699 2185 aura

106 2205 197 2271 ptivas
208 2219 313 2270 puppes
325 2204 360 2254 ad
370 2204 453 2254 litora
462 2205 552 2253 victor
564 2203 672 2270 agebat.

114 2274 213 2324 cinter
223 2275 312 2325 victos
323 2272 454 2339 religatus
464 2273 492 2322 in
505 2272 600 2323 ordine
611 2273 761 2334 Hamilcar,

115 2342 199 2393 ctoris
211 2342 333 2409 genitor,
341 2346 499 2392 cunctarum
512 2342 546 2392 ab
558 2343 677 2410 imagine
687 2356 778 2392 rorum
814 2340 865 2391 690

120 2411 205 2461 insin
216 2425 277 2460 sese
290 2410 363 2476 vulgi
376 2415 550 2460 converterat
560 2427 618 2461 ora.

133 2479 211 2546 pacis
221 2477 320 2530 faciem
331 2484 359 2529 et
370 2478 487 2544 pollutas
499 2478 618 2531 foederis
630 2494 692 2529 aras

130 2555 275 2614 aptumque
288 2549 381 2598 lovem
392 2562 424 2596 ac
435 2547 571 2598 dictantes
581 2550 643 2598 iura
653 2547 769 2597 Latinos

138 2632 186 2668 ere
198 2623 267 2667 erat.
297 2615 413 2667 strictas
424 2615 534 2683 trepida
544 2617 656 2669 ceruice
666 2631 786 2668 secures

141 2684 310 2750 ebatlribys,
322 2701 357 2737 ac
367 2685 515 2742 submissis
527 2688 630 2744 ordine
639 2687 750 2760 palmis
842 2677 904 2729 W*
