1920 2962
146 167 179 216 88
336 167 364 215 C.
396 162 500 216 siml
528 163 692 217 irahlci

145 286 260 350 Irpinus,
270 285 430 351 sociumque
439 298 536 335 munus
551 283 671 335 clamore
681 283 820 337 vocabat:

146 354 213 404 Cum
221 352 323 417 rapidis
332 352 422 404 illatus
432 353 518 420 aquis,
529 358 558 402 et
567 352 678 404 vulnere
689 352 779 406 mult'o

145 421 256 487 impulit
262 436 342 486 asper
352 437 447 489 equus,
459 420 615 488 fessumque
625 422 675 472 sub
687 436 889 490 aequoramer·

623 492 667 541 sit.

88 559 138 608 oon
148 559 308 609 Accumulat
318 559 411 610 clades
423 557 513 609 subito
526 565 675 625 conspecta
685 574 736 626 per
749 561 843 613 undas

149 629 196 680 Vis
207 626 413 694 elephantorum
423 629 523 678 turrito
534 629 644 678 concita
655 629 749 679 dorso.

146 697 269 764 Namque
275 697 352 748 radis
357 712 490 764 praeceps
495 698 608 763 rapitur,
616 712 666 748 ceu
672 703 790 764 proruta
795 706 891 751 nautes

147 766 238 818 Arulsi
249 767 358 829 montis,
370 767 553 834 Trebiamque
563 766 674 817 insueta
683 768 831 819 timentem

147 838 217 888 Prae
229 851 259 889 se
269 841 383 903 pectore
389 837 454 903 agit,
466 836 656 904 spumantique
670 836 786 887 incubat
802 837 889 890 alveo.

88 905 138 956 605
150 906 302 972 Explorant
313 906 428 956 adversa
437 906 519 968 viros,
531 920 633 972 perque
644 919 744 971 aspera
754 905 826 957 duro

147 974 250 1025 Nititur
262 974 296 1023 ad
307 974 416 1023 laudem
426 974 512 1024 virtus
521 975 647 1025 interrita
659 974 737 1025 cliro.

147 1042 271 1108 Namque
281 1040 473 1092 inhonoratam
485 1043 619 1096 Fibrenus
630 1043 747 1110 perdere
759 1051 889 1105 mortem,

147 1112 184 1161 Et
195 1109 285 1161 lamae
297 1110 397 1161 nudam
406 1111 566 1178 impatiens,
578 1109 782 1178 spectabimus,
791 1113 889 1182 inquit,

147 1179 214 1243 Nec,
226 1180 357 1243 Fortuna,
368 1195 457 1231 meum
468 1181 570 1232 condes
580 1182 630 1232 snb
640 1183 750 1249 gurgite
758 1182 856 1233 latum.

88 1251 138 1300 fito
150 1250 292 1315 Experiar,
305 1251 374 1300 sitne
385 1250 412 1299 in
423 1252 518 1312 terris,
530 1250 665 1302 domitare
676 1250 750 1318 quod
764 1252 840 1303 ensis

148 1319 172 1369 N
175 1335 209 1368 en
221 1325 304 1386 queat
314 1319 458 1381 Ausonius,
469 1317 650 1385 Tyrrhenaue
661 1326 789 1387 permeet
799 1318 888 1373 hasta

149 1390 220 1437 'rum
230 1388 296 1437 iacit
308 1402 463 1454 assurgens,
475 1389 627 1457 dextroque
637 1391 665 1441 in
675 1389 778 1441 lumine
789 1391 864 1441 sistit

149 1455 259 1522 Spicula
268 1470 351 1506 saeva
360 1455 445 1519 ferae,
455 1458 594 1527 telumque
604 1460 631 1510 in
642 1458 755 1509 vulnere
764 1457 872 1526 linquit.

149 1525 272 1576 Stridore
283 1523 428 1577 horrisono
440 1535 629 1594 penetrantem
642 1527 763 1594 cuspidis
773 1528 862 1579 ictum

88 1595 138 1645 615
150 1595 235 1645 Belua
246 1596 427 1662 prosequitur,
439 1597 612 1666 laceramque
624 1612 723 1649 eruore
734 1596 851 1664 profuso

148 1664 254 1714 .lttollit
264 1663 391 1728 frontem,
404 1682 437 1717 ac
449 1667 526 1734 lapso
538 1668 586 1718 dat
597 1674 676 1735 terga
687 1668 832 1734 magistro.

148 1735 217 1784 'lum
229 1750 294 1784 vero
305 1736 436 1786 invadunt
445 1737 541 1788 iaculis
553 1738 704 1804 crebraque
715 1737 829 1805 sagitta,

147 1805 209 1855 husi
220 1806 274 1856 iam
286 1821 398 1871 sperare
409 1821 513 1870 neceni,
523 1808 724 1874 immensosque
735 1819 886 1873 perarmet

148 1876 184 1925 Et
192 1874 308 1926 laterum
319 1881 444 1927 extentus
456 1879 530 1929 venit
541 1884 602 1928 atra
613 1876 725 1943 cuspide
737 1875 845 1927 vulnus.

87 1942 137 1991 oto
149 1942 211 1995 Stat
223 1945 308 1995 multa
318 1947 345 1994 in
357 1951 436 2011 tergo
448 1952 477 1996 et
487 1948 604 2015 mgranti
616 1947 712 1997 lancea
722 1945 818 2007 dorso,

146 2014 184 2063 rie
195 2013 289 2064 silvam
300 2014 447 2078 ingentem,
459 2030 592 2067 concusso
606 2030 732 2081 corpore,
743 2014 844 2076 librat,

147 2082 252 2142 Donec,
264 2082 411 2132 consumtis
423 2081 504 2150 longo
517 2085 665 2135 certamine
676 2084 747 2146 telis,

149 2148 283 2209 Concidit,
295 2153 323 2198 et
334 2148 432 2200 clausit
443 2167 543 2220 magna
554 2153 623 2204 vada
633 2169 730 2219 pressa
739 2154 828 2204 ruina.

150 2219 224 2268 Ecce
237 2232 285 2283 per
296 2217 448 2281 adversum,
461 2237 614 2289 quanquam
625 2222 736 2273 tardata
746 2226 886 2273 morantur

87 2286 137 2337 625
149 2286 268 2338 Vulnere
278 2288 400 2337 membra
410 2289 586 2353 mmm,subit
595 2292 885 2358 implacabilisamnam

148 2353 249 2421 Scipio,
260 2361 288 2405 et
297 2355 444 2408 innumeris
453 2357 567 2411 infestat
577 2361 707 2412 caedibus
717 2359 837 2413 hostem.

150 2423 328 2491 Corporibus,
349 2424 507 2494 clypeisque
525 2430 774 2548 simul,tgaleisque
790 2430 867 2483 cade

634 2515 679 2549 um

154 2561 431 2627 ContegiturTrobia,
443 2570 472 2617 et
482 2567 645 2618 vixcernere
652 2568 782 2635 linquitur
792 2584 814 2619 u'

148 2629 279 2680 Mazaeus
298 2630 402 2696 incolo,
421 2632 522 2686 Gestar
531 2638 714 2702 prosternitur
726 2652 792 2688 ense

79 2695 136 2746 630
147 2698 217 2749 Tum
230 2697 371 2770 Pelopeus
383 2702 441 2757 aris
452 2704 575 2773 Cyrenes
583 2705 677 2757 insola
684 2705 771 2774 Telgo
