1920 2962
89 177 92 189 ·
152 155 202 206 348
345 152 374 203 C.
403 149 509 202 SlLll
536 148 701 202 ITALlCl

150 273 175 324 N
177 289 208 327 ec
220 275 351 335 memimt,
364 276 494 339 quantum
507 269 597 336 campi
609 268 759 322 decurrere
770 278 863 324 restet

149 343 309 405 Proximus}
330 356 346 391 a
366 343 455 408 primo
477 339 595 399 distans,
617 344 750 405 quantum
772 356 892 410 aequore

626 422 724 460 currus
766 428 769 435 ·

152 480 278 547 Occupat
286 481 355 546 ipse,
366 478 420 529 loci
431 482 550 528 tantum:
562 476 611 528 sed
623 479 767 543 proximus
779 480 839 531 ibat

151 551 233 601 Astur
242 546 406 610 Panchates,
416 548 534 614 patrium
546 544 622 596 frons
633 546 698 596 alba
706 548 817 601 nitebat

91 619 142 668 350
154 620 271 686 Insigne,
284 624 312 668 et
323 618 413 684 patrio
425 631 473 683 pes
485 615 572 666 omnis
584 615 717 667 concolor
728 618 808 669 albo:

151 689 279 756 Ingentes
291 687 382 748 animi,
393 686 516 747 membra
526 682 599 734 baud
609 698 743 752 procera,
754 686 888 756 decusque

152 758 281 823 Corporis
293 757 430 823 exiguum,
441 754 557 805 sedtum
569 754 621 804 sibi
631 753 741 807 fecerat
751 756 811 809 alas

151 827 290 888 Concitus,
302 831 384 892 atque
394 825 453 874 ibat
465 836 562 890 campo
572 823 731 891 indignatus
741 824 869 879 habenas.

151 897 282 946 Crescere
289 894 440 956 sublimem,
453 894 883 963 atqueaugerimembmputnras

89 963 139 1012 355
153 962 288 1030 Cinyphio
299 968 394 1014 rector
405 978 491 1014 cccco
503 962 630 1014 radiabat
640 962 775 1016 Hiberus.

150 1035 262 1084 Tertius
275 1037 393 1100 aequata
405 1032 534 1083 currebat
545 1031 637 1082 fronte
648 1032 752 1085 Peloro

150 1104 296 1153 Caucasus.
325 1102 387 1168 lpse
399 1116 489 1169 asper,
500 1115 551 1152 nec
561 1103 607 1168 qui
619 1103 737 1154 cervicis
748 1110 854 1155 amaret

148 1172 304 1239 applausae
314 1171 430 1223 blandos
442 1173 556 1233 sonitus,
569 1171 748 1240 clausumque
761 1180 871 1225 cruento

150 1239 284 1308 Spumeus
296 1241 424 1292 admorsu
435 1241 570 1308 gauderet
579 1240 712 1293 mandere
723 1241 837 1294 ferrum.
886 1292 890 1298 .

88 1309 138 1360 ado
149 1312 192 1372 at,
204 1310 301 1360 docilis
312 1309 383 1360 freni
394 1316 423 1360 et
432 1311 531 1360 melior
541 1324 648 1376 parere,
660 1310 780 1364 Pelorus

147 1378 209 1428 Non
220 1393 340 1444 unquam
352 1377 468 1428 effusum
479 1380 607 1438 sinuabat
617 1380 713 1432 devius
727 1396 823 1433 axem:

147 1446 201 1499 Sed
210 1446 289 1498 laevo
299 1447 414 1498 interior
424 1449 697 1515 stringebattramite
708 1457 821 1502 metam.
844 1464 848 1473 ·
909 1462 913 1469 ·

147 1517 262 1584 Insignis
273 1516 360 1566 multa
371 1518 487 1580 cervice,
500 1524 528 1569 et
538 1519 668 1585 plurimus
679 1520 754 1571 idem

148 1586 282 1637 Ludentis
293 1602 343 1654 per
353 1587 424 1638 colla
432 1588 527 1638 iubae:
540 1588 674 1648 (neirabile
688 1589 778 1655 dictu)

87 1656 137 1706 365
150 1655 244 1708 Nullus
266 1664 326 1709 erat
346 1663 433 1724 pater.
476 1657 515 1707 Ad
537 1656 657 1725 Zephyri
682 1675 757 1711 nova
782 1659 880 1710 flamina

623 1743 682 1778 cam
705 1746 737 1780 is·

149 1797 303 1848 Vectonum
315 1797 443 1848 eductum
454 1799 579 1866 genetrix
590 1743 728 1848 effuoefat
739 1799 842 1865 Harpe.

143 1865 252 1917 'Nobilis
269 1864 342 1918 hunc
358 1867 460 1918 Durius
476 1866 632 1918 stimulabat
648 1867 675 1917 in
692 1883 814 1935 aequore
829 1879 871 1918 cur

622 1951 701 1987 rum:

150 2004 288 2053 Caucasus
302 2007 413 2072 antIquo
427 2006 529 2056 lldebat
539 2006 647 2056 Atlante
658 2009 802 2074 magIstro.

151 2075 239 2136 Ipsum
250 2073 356 2137 Aetola,
368 2091 438 2143 vago
451 2075 577 2126 Diomedi
591 2075 711 2138 condita,
723 2077 806 2141 'l'yde

88 2140 137 2192 izo
149 2143 277 2192 Idiscrat:
297 2150 441 2210 exceptum
453 2146 575 2195 TroIana
586 2143 619 2194 ab
638 2146 744 2212 origine
757 2157 880 2213 equorum

148 2210 316 2273 Tradcbant‚
329 2229 396 2279 quos
407 2216 515 2265 Aeneae
529 2212 675 2265 Simoentis
688 2213 722 2264 ad
734 2215 822 2265 undas

150 2281 245 2334 Victor
255 2280 378 2349 Tydides
390 2284 495 2350 magnis
506 2282 660 2334 abduxerat
671 2286 755 2335 ausis.

147 2353 273 2419 Iamque,
289 2349 347 2401 fere
360 2351 477 2401 medium
489 2354 578 2403 evecti
591 2354 741 2404 certamine
752 2364 882 2419 campum,

147 2423 176 2470 ln
188 2422 277 2488 spatio
290 2420 439 2471 addebant:
456 2423 584 2489 nisusque
596 2422 769 2489 apprendere
787 2422 885 2491 primos

78 2487 132 2543 375
143 2487 303 2544 Panchates
314 2492 453 2544 animosus
462 2507 556 2559 equos,
568 2507 649 2557 super
661 2491 743 2542 altior
753 2493 804 2555 ire,

135 2564 174 2616 bt
181 2563 411 2632 praecedentem
419 2563 597 2627 iamiamque
607 2560 756 2610 escendere
765 2573 870 2610 currum

127 2637 213 2689 l'one
228 2635 399 2700 videbatur,
415 2626 710 2704 curuatisqueumgula
716 2627 810 2688 plima

121 2710 297 2765 Callaicum
314 2709 457 2780 quatiens
468 2701 609 2775 pulsabat
617 2692 744 2746 calcians
752 2701 845 2736 auem.
