1920 2962
122 151 375 206 PUNIGORUM
402 153 482 206 LIB.
502 157 549 210 vl.
666 159 718 211 nt

40 274 112 334 rina,
123 278 153 323 et
164 273 262 324 obtutu
272 273 427 340 perstabam
437 274 558 326 intentus
568 275 674 331 eodem.
725 275 778 329 885

40 357 71 393 aa
82 341 165 403 fides,
177 358 273 404 unum,
286 357 367 408 puer,
377 344 451 393 inter
460 342 532 395 mille
543 342 661 408 labores,

40 427 64 462 m
76 412 159 462 etiam
171 412 198 462 in
211 413 310 478 patria,
322 413 490 479 saevaquein
496 413 628 479 Agenoris
638 413 714 475 urbe,

40 496 61 532 re
73 495 156 531 unum
167 480 222 531 ridi
232 495 337 546 poenae
349 495 457 548 quoque
468 486 592 546 tempore
602 481 714 533 vultum.

40 549 63 599 ia
75 550 184 616 captivo
198 551 302 601 cunctis
313 549 393 600 simul
404 549 517 600 urbibus
527 549 587 600 ibat

40 619 107 679 saia,
119 624 162 680 et,
174 634 298 684 campum
310 619 392 669 turba
401 620 540 680 vincente,
552 620 697 687 propinqui
724 619 776 670 390

40 687 124 738 ientur
136 687 232 739 eolles:
243 689 341 754 strepit
352 688 412 738 altis
423 687 521 738 Albula
530 688 605 754 ripis.

40 754 196 807 Poenorum
208 771 339 823 proceres
349 757 466 808 immitia
477 756 564 807 corda

40 826 130 876 atrius
142 830 251 877 certant
262 825 351 876 cultus
361 840 508 887 revocure,
518 830 657 892 togaeque

40 893 131 944 ebatur
141 892 238 951 henos.
259 892 357 957 Stetit,
367 893 549 948 illacrimante
561 891 674 956 Senatu,

40 967 140 1013 istrum
150 964 246 1026 turba,
257 964 438 1032 iuvenumque
451 964 546 1015 delere
558 962 682 1030 profuso,
724 963 775 1014 395

40 1037 101 1082 rtet
110 1034 227 1099 gemitus
239 1033 397 1084 immobilis:
410 1047 511 1101 aggere
526 1034 627 1083 Consul

40 1100 119 1151 debat
129 1101 267 1164 dextram,
274 1104 307 1152 'et
316 1103 407 1168 patria
416 1103 533 1169 vestigia
544 1103 647 1167 primus

40 1175 125 1221 entem
137 1175 212 1220 terra
223 1185 339 1221 occursu
352 1170 510 1221 celebrabat
521 1172 618 1220 amieo.

40 1239 90 1306 egit
101 1254 238 1306 gressum3
248 1240 421 1307 munitusque
431 1238 562 1290 recedere
574 1239 683 1301 consul,

43 1323 176 1358 summum
186 1308 290 1359 violare
300 1308 397 1360 decus:
410 1309 537 1376 cingente
547 1307 666 1374 superba
722 1310 774 1359 40⁰

40 1391 129 1427 rerum
139 1377 233 1440 turba,
246 1379 410 1446 captivoque
421 1379 529 1446 agmine
540 1383 634 1444 septus

40 1483 46 1508 ,
59 1451 89 1496 et
96 1446 225 1498 invidiam
238 1447 314 1498 coelo
326 1447 457 1515 Dirisque
469 1447 585 1498 ferebat.

40 1531 46 1567 t
57 1512 168 1566 trahens
181 1518 318 1583 geminum
328 1522 455 1567 natorum
466 1518 573 1567 Mareia
583 1517 689 1583 pignus,

40 1585 70 1635 ix
82 1584 165 1635 nimia
174 1587 265 1652 magni
276 1587 376 1636 virtute
387 1587 487 1650 mariti,

40 1653 147 1705 rientem
158 1655 260 1705 crinem
274 1660 302 1705 et
312 1656 405 1704 tristes
416 1654 558 1705 lacerabat
570 1655 693 1704 amictus.
722 1654 773 1703 405

40 1723 140 1775 ›seisne
152 1722 241 1774 diemt
254 1739 288 1773 an
299 1724 401 1774 teneris
413 1738 468 1773 nen
481 1720 572 1773 haesit
581 1723 608 1771 in
621 1720 715 1772 annisi

43 1808 58 1845 e
81 1808 127 1855 ea,
150 1796 295 1858 postquam
316 1789 412 1840 habitu
431 1792 510 1908 iugiter
532 1795 561 1840 et
580 1789 713 1840 velamine

473 1872 544 1909 oeno

40 1945 132 1982 irmem
145 1931 266 1996 aspexit,
278 1927 345 1979 fusis
357 1926 506 1979 ululatibus
517 1942 602 1995 aegra

40 2005 102 2061 tur,
115 2005 143 2050 et
153 1998 259 2067 gelidos
270 1998 367 2049 mortis
379 1997 456 2049 color
468 2004 588 2064 occupat
600 2006 683 2050 artus.

40 2085 66 2120 ra
76 2069 142 2119 Deis
155 2069 258 2136 pietus,
269 2068 354 2129 tales,
368 2066 521 2136 Carthago,
531 2068 625 2119 videre
722 2070 773 2118 410

40 2139 102 2189 &tibi
117 2136 242 2190 Sidonias
251 2135 367 2189 matres!
378 2139 425 2189 Me
435 2152 504 2188 voce
516 2138 609 2204 quieta

40 2225 90 2270 us,
100 2207 177 2258 iubet
188 2213 215 2259 et
225 2213 332 2260 vestros
343 2212 371 2258 et
381 2208 504 2274 coniugis
514 2222 570 2257 una

42 2293 72 2328 re
84 2277 239 2343 amplexus,
250 2282 328 2344 patet
337 2277 552 2344 impenetrabilis
562 2277 608 2328 iile

40 2346 106 2398 ibus
113 2384 120 2408 ‚
132 2352 160 2396 et
172 2361 309 2414 nunquam
320 2345 468 2399 submissus
480 2347 551 2398 colla
561 2346 659 2397 dolori.

40 2416 94 2467 alte
104 2416 209 2466 iuvenis
220 2416 324 2482 gemitu
334 2414 508 2484 lacrimisque
520 2417 634 2477 coortis,
722 2414 773 2464 415

40 2500 73 2536 ne
85 2487 308 2552 parens,inquit,
320 2499 373 2552 quo
385 2487 473 2537 maius
483 2487 593 2536 numine
606 2483 684 2534 nobis

40 2556 94 2620 reia
104 2571 156 2606 nee
166 2556 195 2606 in
206 2570 270 2606 aree
281 2554 373 2617 sedet,
385 2555 409 2605 si
419 2556 481 2605 iura
491 2554 611 2623 querelis

40 2643 43 2673 :
54 2640 185 2676 concessa
193 2626 260 2691 piis,
273 2641 323 2678 cur
334 2622 390 2678 hoe
399 2626 545 2696 matrique
554 2623 686 2691 mihique

40 2707 104 2754 neu,
118 2692 162 2743 rei
171 2709 222 2746 eur
231 2695 320 2752 decus
333 2695 408 2766 hoe,
421 2714 440 2754 e
452 2699 544 2764 dure,
553 2694 688 2765 megasiu-
