1920 2962
145 173 398 228 PUNICORUM
420 175 500 228 LlB.
518 177 552 229 X.
675 178 726 230 21³

43 294 116 346 stilus
129 295 272 358 occulitur,
283 310 395 346 coecum
405 297 433 345 in
444 297 561 415 vestigio
570 299 663 350 telum.
735 299 786 351 415

43 379 75 426 το,
88 379 171 430 super
183 364 274 433 clades
285 371 313 415 et
323 380 377 414 non
389 364 525 416 medicobr
536 381 551 416 e
561 368 666 431 vulnus,
814 366 816 372 ’

43 435 129 500 iquias
138 433 201 484 belli
212 441 293 502 atque
305 434 451 499 imperdita
462 448 580 501 corporo
590 437 689 491 Poenis

43 505 79 553 »ia
88 501 206 553 formido
218 517 251 554 ac
261 505 348 555 maior
360 503 482 554 iactabat
492 504 618 572 Erinnys.

43 589 82 623 uns
94 586 196 639 aequor
207 573 309 638 Tyrios
317 588 396 624 enses
407 579 489 640 atque
500 587 577 624 orma
586 575 720 641 parebant

43 643 97 692 rica
108 647 136 692 et
146 642 327 694 Hannibalem
338 648 445 693 mutato
457 642 573 694 erodere
585 645 672 696 coelo.
738 647 790 696 420

43 725 55 760 t
68 718 127 761 erat
139 711 233 762 exsilio
246 711 369 763 collectis
379 712 470 762 Marte
481 712 618 776 Metellus,
634 722 639 733 ‘

43 818 47 830 .
58 781 143 846 stirpe
155 779 227 831 haud
239 782 316 847 parri
329 782 505 848 cognominis.
539 782 565 833 ls
575 783 649 834 malo
657 784 729 834 bollo

43 855 113 900 etone
137 850 356 917 degeneremque
382 864 492 900 manum
519 851 553 969 gd
579 851 714 904 delornsis

538 927 568 971 at

44 987 139 1051 rsulto3
151 994 232 1055 atque
243 987 296 1038 alio
310 990 414 1054 positas
425 934 569 1056 speacgtgbot
578 992 606 1040 in
619 991 695 1055 orbe,

44 1063 62 1107 is
74 1072 135 1107 sese
148 1057 313 1119 occulerent,
324 1064 426 1108 terras:
439 1073 492 1125 quo
503 1061 614 1110 uomina
623 1061 698 1111 nulla
739 1059 791 1111 425

44 1141 160 1187 enorum,
172 1132 220 1176 eut
230 1128 336 1192 petrice
347 1133 504 1192 penetraret
514 1127 589 1178 fama
600 1130 721 1180 relictoe.

44 1211 73 1246 ec
84 1200 230 1260 postquam
241 1196 349 1260 accepit
358 1193 497 1245 flammata
509 1194 601 1262 Scipio
612 1204 712 1261 mente,

44 1270 121 1315 entus
133 1261 273 1314 Sidonium
285 1269 390 1327 contra,
401 1263 462 1314 iera
472 1266 576 1330 proelia
585 1269 710 1330 miscens,

44 1340 146 1384 ctorem
157 1334 235 1382 stetit
244 1334 272 1382 in
284 1335 394 1401 campis,
405 1336 478 1400 rupit
489 1337 565 1387 ocius
575 1351 677 1400 ensem,

44 1418 96 1469 ue,
117 1402 164 1453 ubi
179 1408 257 1467 turpe
274 1403 374 1454 mulum
388 1403 525 1472 Latioque
543 1413 666 1457 extrema
686 1422 731 1458 co·

468 1475 587 1541 quebent
740 1476 792 1527 43⁰

44 1548 101 1606 epta
112 1542 171 1603 riri,
182 1543 269 1606 ruptis
281 1541 385 1593 loribus
397 1558 459 1594 sese
470 1544 570 1595 arduus
580 1545 671 1596 insert.

44 1626 83 1672 nr,
103 1612 227 1677 quotiens
243 1613 367 1663 strictum
383 1627 445 1662 curn
460 1628 529 1663 voco
545 1620 608 1664 ente
625 1630 674 1665 oro
685 1629 731 1680 oo·

469 1688 579 1733 ventum

44 1763 165 1810 cronon,
176 1749 305 1816 Tarpeia,
317 1756 405 1816 poter,
416 1750 461 1815 qui
472 1749 576 1814 templu
585 1750 733 1800 secundum

44 1817 95 1868 olis
106 1832 123 1868 a
133 1817 212 1870 coelo
223 1818 326 1879 sedern,
338 1824 366 1868 et
376 1815 505 1867 Saturnia
515 1818 633 1867 nondum

45 1888 85 1936 cis
96 1892 202 1938 mutato
211 1887 298 1948 mulis,
309 1893 393 1953 tuque
405 1900 504 1952 aspera
513 1891 609 1952 pectus
740 1886 792 1938 435

44 1955 97 2021 ,rue
108 1955 271 2024 Gorgoneos
283 1957 359 2024 virgo
370 1956 511 2007 succincta
522 1954 638 2020 furores,

45 2027 185 2094 igetesque
195 2026 257 2088 Dei,
268 2031 366 2093 sponte.
376 2027 448 2076 inter
457 2027 568 2076 numina
578 2033 682 2087 nostro,

44 2109 101 2162 ·quo
113 2101 205 2160 caput,
216 2096 289 2147 nullo
300 2095 385 2146 levius
396 2094 461 2145 milri
470 2097 589 2158 nurnine,
602 2098 687 2163 patris

45 2166 162 2232 gnanimi
171 2165 242 2226 iuro,
254 2180 390 2230 nunqnam
402 2164 519 2215 Lavinia
527 2179 613 2233 regno
640 2223 643 2228 ,

48 2247 138 2301 quom,
150 2248 202 2284 nec
213 2233 296 2300 linqui
308 2235 405 2300 patior,
417 2234 481 2285 dum
491 2235 549 2285 rito
559 2237 687 2289 monebit.
741 2235 792 2283 440

46 2319 89 2365 us,
99 2318 142 2366 cn,
153 2309 257 2354 testare
268 2303 353 2364 Deos,
366 2304 389 2355 si
399 2305 508 2355 moenio
516 2305 605 2355 taedis

45 2372 163 2440 grobunt
171 2372 296 2437 Libycis,
306 2371 392 2423 nolles
401 2379 431 2424 te
442 2372 523 2436 ferre,
535 2373 655 2434 Metelle,
722 2388 724 2394 ’

45 2457 128 2492 rurum
141 2443 169 2492 in
179 2447 269 2492 terras
278 2457 397 2508 gressus.
425 2441 461 2492 Ni
472 2442 540 2492 tolio
549 2443 649 2504 sancis,

45 2526 83 2562 ern
94 2511 198 2573 tremis,
209 2511 324 2562 etcuius
334 2525 444 2562 somnos
456 2510 600 2560 formidine
611 2512 727 2628 romnis„

45 2579 133 2631 nnibol
144 2576 188 2630 hic
200 2587 320 2632 annotus
333 2579 421 2633 adest.
447 2579 652 2646 Moriere,nec
661 2581 723 2630 olo
760 2575 817 2622 &⁸¹¹³

45 2663 147 2700 norom
158 2649 258 2705 melior
267 2653 397 2721 parietur
409 2652 505 2726 glorio
515 2668 619 2707 caeso.

46 2731 166 2773 excussa
175 2721 294 2796 incepta
306 2728 404 2782 minis.
431 2728 564 2800 lamque
575 2718 781 2809 oroinexusso
