1920 2962
188 167 238 217 244
378 163 408 212 c.
437 132 546 212 sinii
568 156 737 213 iussim

188 284 343 351 suspirans,
354 282 477 349 ustisque
488 278 534 330 ‹liu
546 277 683 331 calefacta
693 278 829 345 medullis,

185 356 308 415 Aestuat,
320 358 348 402 et
359 348 470 418 Stygios
482 346 592 399 exhalat
600 349 629 398 in
640 363 707 399 aera
717 348 807 403 flatus.

186 422 323 484 Parturit,
335 426 363 472 et
371 418 494 471 tremulis
505 417 681 470 metuendum
692 418 824 471 exsibilat
833 418 907 471 antris

186 493 379 559 interdumque
392 504 472 540 caras
482 486 603 539 luctatus
612 501 743 554 rumpere
754 488 844 551 sedes,

126 563 176 612 14⁰
188 563 241 612 Aut
251 562 326 612 exire
338 559 425 620 iretis,
436 558 527 609 sonitu
537 556 652 627 lugubre
662 558 765 609 minaei

186 630 322 681 Mulciber
330 628 464 695 immugit,
477 627 653 694 lacerataque
665 627 775 679 viscera
785 632 874 679 terrae

185 698 301 761 Mandit,
314 705 342 749 et
352 711 451 748 exesos
462 693 614 746 labefactat
623 710 765 748 murmure
776 700 888 749 montes.

187 768 313 819 Tradunt
323 765 463 818 Herculea
472 769 627 833 prostratos
637 764 749 834 molegl
770 770 850 817 antas
937 792 943 808 ι

186 838 324 889 Tellurem
334 837 463 887 iniectam
474 838 601 903 quatere,
612 838 641 884 et
651 834 728 900 spira
767 850 804 886 ne
814 830 902 885 mrbelo

126 908 175 957 145
188 907 302 958 'l'orreri
311 906 367 956 late
379 919 500 971 campos,
513 904 674 971 quotiesque
685 904 827 955 minantur

184 976 321 1041 Rumpere
345 988 505 1041 compagem
533 973 690 1039 impositam
702 1009 723 1092 ,Ι
741 972 913 1041 expauescere

660 1056 779 1094 cocum.

184 1115 304 1180 Apparet
314 1108 455 1178 Prochyte
467 1125 579 1162 saevum
587 1111 688 1162 sortita
697 1112 848 1164 Mimanta:

183 1185 305 1249 Apparet
315 1181 411 1250 procul
424 1182 550 1245 inarime,
564 1194 634 1248 quae
644 1180 756 1233 turbiue
765 1184 846 1252 nigro

184 1253 346 1301 Fumantem
355 1252 455 1316 premit
467 1251 600 1316 Iapetum,
611 1246 796 1321 flammasque
806 1246 892 1305 rabelll

124 1320 175 1369 150
187 1319 242 1369 Ore
254 1320 425 1379 eiectantem,
437 1324 473 1380 et,
486 1321 507 1369 si
520 1318 627 1387 quaudo
640 1319 760 1373 eradere
771 1322 873 1385 notu,

182 1387 260 1437 Belia
271 1388 329 1437 lori
340 1401 433 1437 rursus
447 1385 611 1457 Superisque
622 1390 726 1441 iterare
737 1392 881 1445 volentem.

182 1455 577 1526 MonstranturVesrinniuga,
590 1464 671 1527 atque
676 1460 704 1510 in
711 1462 914 1515 verticosum

184 1526 301 1592 Depasti
311 1524 427 1577 flammis
440 1527 555 1594 scopuli,
565 1532 723 1597 stratusque
735 1532 818 1585 ruina

185 1596 266 1645 Mons
279 1596 395 1659 circum,
412 1602 494 1663 atque
505 1599 608 1648 Aetnae
624 1597 690 1650 fatis
703 1602 844 1652 cenantis
853 1610 914 1653 sut

126 1665 174 1714 155
187 1664 309 1716 Necnon
322 1666 458 1717 Misenum
469 1673 623 1717 servantem
635 1668 722 1721 idaea
732 1671 860 1739 sepulcro
950 1720 952 1725 .

184 1734 309 1798 Nomina,
322 1742 350 1786 et
360 1735 514 1787 Herculeos
525 1735 600 1787 ridet
609 1738 670 1804 ipso
680 1738 709 1788 in
721 1738 807 1792 litore
819 1736 914 1791 Baulos
950 1750 952 1775 ²

183 1806 301 1856 Miratur
309 1805 453 1874 pelagique
464 1806 550 1857 minas
562 1811 708 1875 terraeque
718 1808 842 1861 labores.
885 1854 888 1859 .

185 1875 261 1935 Quae
292 1882 416 1942 estquam
427 1881 573 1943 perspecta
583 1877 651 1941 tiro,
663 1876 913 1946 regressusadalitt
950 1930 952 1937 ,

184 1944 249 1992 inde
261 1893 470 2009 {lierenyndum
482 1960 584 2008 muros,
594 1944 756 2000 frondentia
764 1948 841 2002 laeto
950 2008 952 2017 ¹

127 2010 175 2060 160
186 2010 302 2062 Palmite
314 2011 440 2063 devastat
451 2013 562 2080 Nysaea
573 2018 717 2067 cacumina
730 2019 827 2071 Gauri
949 2026 952 2085 j

187 2079 258 2128 ilinc
270 2079 304 2130 ad
318 2079 499 2134 Chalcidicam
515 2084 649 2137 transfert
659 2088 738 2205 lcitus
754 2080 911 2158 agminalis
948 2104 952 2125 -·

669 2172 723 2208 em.

184 2218 285 2281 Campo
299 2217 371 2270 Nola
382 2220 471 2282 sedet,
491 2224 593 2275 crebris
605 2226 780 2280 circumdata
793 2231 823 2281 in
833 2226 910 2281 orben
948 2252 952 2265 ι

184 2287 326 2349 Turribus,
339 2294 367 2338 ct
380 2290 452 2340 celso
464 2289 572 2344 facilem
584 2299 693 2347 tutatur
702 2296 774 2349 adiri
943 2296 949 2349 l

184 2356 328 2407 Planitiem
339 2358 423 2408 roilo:
435 2359 492 2422 sed,
505 2364 550 2428 qui
562 2379 616 2415 non
627 2367 750 2420 turribus
763 2384 842 2421 arma

124 2424 172 2472 iti
185 2425 366 2478 Defendenda
376 2428 463 2491 daret,
475 2445 568 2482 rerum
580 2433 652 2484 ultro
665 2440 775 2489 moenia
791 2440 881 2492 dextra
951 2476 952 2483 ,

182 2495 353 2564 Protegeret,
364 2499 511 2551 Marcellus
521 2516 601 2568 opem
613 2505 800 2576 auxiliumque
811 2504 908 2560 tercia

179 2564 260 2633 isque
280 2567 327 2619 ubi
344 2570 516 2638 Agenoream
529 2573 630 2636 procui
642 2574 793 2632 adventare
811 2594 858 2647 per
874 2586 907 2625 aa·

674 2656 758 2705 quon,

946 2613 952 2666 l

168 2708 212 2760 Et
223 2708 299 2764 ferri
312 2712 348 2766 ati
359 2728 465 2765 muros
476 2704 687 2766 nubemuinem
697 2708 792 2767 numa,
799 2710 919 2755 crurum
