1920 2962
161 183 211 235 366
361 183 389 233 G.
421 180 525 232 Sibil
554 180 720 232 lr'nblcr

162 306 241 355 Hanc
254 313 376 370 segetem
388 307 468 352 mete.
480 300 878 367 Composuitpropioribusaus

159 373 278 440 Dignum
290 378 317 422 te
328 372 451 422 Fortuna
461 384 564 436 parem.
593 369 660 421 Vult
671 370 742 421 itnla
751 372 833 423 telius

160 443 290 493 Ductoris
300 442 383 502 saevi,
395 440 452 489 vult
462 438 581 497 tandem,
594 435 704 490 haurire
717 455 853 493 cruorem.

162 512 222 573 Quo
234 513 366 570 Martem,
382 514 430 559 aut
440 523 494 575 quo
505 509 583 574 signa
593 505 699 559 trahis?
720 509 879 580 Restinguer

635 578 811 642 primumest

99 649 150 700 620
162 649 308 700 Ardentem
320 647 435 698 ltaliam.
465 647 509 696 Tu
520 645 609 696 fessos
620 646 717 698 obvius
729 645 826 701 hostes

160 719 281 779 Deseris,
294 733 327 767 ac
337 723 442 782 septem
453 715 575 766 denudas
588 714 715 781 proditor
726 732 817 770 arces.

158 789 207 849 An,
220 802 281 837 cum
292 793 322 837 tu
333 784 436 851 Syrtim
449 801 482 835 ac
493 783 599 835 steriles
610 784 734 836 vastabis
744 801 852 856 arenas,

161 856 221 907 Non
233 857 292 906 dira
301 856 348 906 illa
357 856 416 905 lues
428 856 500 905 notis
511 855 565 904 iam
576 853 720 906 moenibus
731 855 809 909 urbis
849 916 853 923 ι

159 924 285 977 Assiiiett
304 939 474 992 vacuumque
487 925 578 974 lovem
590 924 648 973 sinc
660 924 734 989 pube
744 927 804 977 sine
821 927 878 977 armi

99 995 149 1046 626
160 992 292 1045 invadet?
305 995 421 1056 Quanti,
432 998 463 1044 ut
475 993 570 1054 cedas,
583 992 755 1061 Romamque
767 997 879 1064 relinqua

159 1065 292 1125 Emerito,
302 1062 360 1115 esti
371 1064 463 1113 Tanto
474 1061 592 1129 perculsi
602 1060 717 1114 fulmine
729 1063 794 1115 belli

160 1131 266 1184 Siccine
278 1138 315 1195 te,
328 1141 358 1183 ut
369 1148 455 1199 nuper
466 1134 560 1199 Capua
571 1135 613 1182 est
624 1133 731 1184 accitus
742 1134 778 1184 ab
790 1135 841 1186 alta

159 1203 278 1265 Fulvius,
290 1204 433 1270 aequoreis
445 1202 552 1267 Libyae
563 1200 756 1255 revocabimus
769 1203 840 1256 oris!

157 1272 245 1323 Vince
256 1271 338 1332 domi,
351 1277 379 1322 et
391 1273 469 1321 trinis
479 1276 647 1322 maerentem
657 1269 760 1323 funcra
769 1273 854 1324 lustn'r

97 1338 148 1393 630
160 1341 306 1389 Ausoniam
319 1354 407 1406 purga
416 1339 497 1390 bello.
525 1342 596 1390 Tum
607 1339 691 1391 teudo
703 1348 825 1395 remotos

157 1409 187 1458 ln
196 1407 379 1458 Garamantas
389 1409 451 1469 iter,
462 1406 736 1477 Nasamoniacosque
749 1408 880 1478 triumphu

156 1478 264 1529 Molire.
292 1479 429 1546 Augustae
442 1475 588 1544 prohibent
598 1495 670 1529 nunc
680 1480 750 1532 talia
761 1487 853 1548 coepto

157 1547 211 1598 Res
222 1548 316 1598 Italae.
343 1548 428 1598 Pater
438 1547 482 1599 ille
493 1555 565 1609 tuus,
577 1550 620 1615 qui
633 1551 746 1600 nomina
758 1556 855 1603 vestroe

158 1617 268 1668 Addidit
281 1615 352 1668 haud
365 1619 455 1685 segnis
467 1619 551 1685 genti,
564 1633 624 1667 cum
637 1619 740 1670 Consul
751 1620 840 1671 Hiberi

96 1686 145 1737 636
159 1687 299 1739 Tenderet
309 1688 343 1738 ad
355 1689 437 1754 ripas,
449 1693 580 1737 revocato
591 1688 676 1738 milite
690 1690 793 1755 primm

154 1757 340 1808 Descendenti
353 1757 431 1807 aride
443 1758 578 1822 superatis
590 1757 704 1823 Alpibus
714 1758 787 1809 ultro

156 1828 292 1893 Opposuit
303 1843 363 1878 sese
376 1826 531 1877 Hannibali.
560 1826 603 1875 Tu
617 1828 718 1878 Consul
728 1827 802 1878 abire

154 1898 174 1944 Α
187 1898 292 1946 victore
303 1912 384 1962 paras
395 1894 484 1956 hoste,
498 1901 579 1963 atquc
590 1895 708 1947 avellere
721 1897 799 1947 nobis

155 1962 267 2015 Scilicet
277 1962 330 2014 boc
342 1972 403 2015 astu
414 1962 556 2016 Poenumt
568 1961 597 2014 Si
608 1963 707 2016 deinde
718 1966 824 2017 sedebit

94 2032 144 2083 640
156 2033 323 2098 imparidus,
345 2050 396 2085 nec
411 2040 439 2086 te
454 2036 481 2084 in
498 2033 616 2100 Libyam
631 2040 735 2102 tuaque
757 2049 829 2086 arma
846 2048 878 2081 se·

647 2111 737 2166 uetur,

154 2170 241 2234 Capta
251 2170 392 2222 damnabis
404 2173 529 2224 consulta
539 2120 693 2239 improgida
704 2174 800 2225 Roma.

154 2236 208 2289 Sed
220 2237 265 2288 fac
276 2240 416 2290 turbatum
429 2247 590 2293 convertero
602 2243 817 2310 signatumque

154 2308 254 2358 Classis
268 2308 330 2359 vela
344 2312 428 2376 sequi.
461 2310 566 2376 Nempe
584 2311 657 2362 idom
677 2314 732 2363 crit
748 2308 878 2364 Hanniba,

625 2381 708 2442 idem,

153 2446 234 2497 Cuius
244 2452 274 2497 tu
285 2447 384 2498 vallum
394 2448 484 2499 vidisti
498 2464 512 2499 e
523 2450 664 2500 moenibus
675 2451 761 2502 urbis.

81 2512 136 2567 645
149 2517 232 2571 Haec
243 2519 364 2574 Fabius:
385 2519 532 2586 seniorque
538 2533 635 2569 manus
639 2521 723 2632 paria
732 2535 781 2572 ore
795 2519 879 2571 fremo·

663 2593 722 2632 unt.

138 2665 221 2715 Tum
233 2669 347 2717 contra
359 2657 486 2714 Consubr
496 2656 596 2708 Caesis
607 2650 770 2701 60006006
779 2651 844 2697 sum

132 2737 169 2791 M
171 2737 355 2810 agnanimis
365 2734 433 2787 beto
446 2729 581 2800 gemino,
589 2711 858 2772 curatore-subiisset
