1920 2962
149 154 202 207 m
351 152 379 203 C.
409 149 513 203 le11
541 148 706 203 {Tnhlcl
779 150 782 157 '

151 272 290 334 'l'urbatia‚
301 286 318 322 ο
330 270 434 333 Paulle,
446 268 544 337 purast
555 269 632 320 Nunc
644 268 785 322 Hannibal
793 270 849 339 ipsi

151 344 235 406 (Tam
244 342 333 393 laetrre
344 340 417 390 bello
429 343 483 402 est)
494 339 565 390 ausit
575 344 682 390 certare
694 340 828 392 Tonanti.

109 413 142 463 55
154 413 190 464 at
197 413 254 463 iarn
265 411 404 462 conversis
415 408 481 472 (vidi
492 423 553 458 narn
565 407 688 471 flectere)
699 406 817 461 habenis

153 483 249 533 Evasit
260 481 359 541 Varro,
371 494 403 530 ac
413 493 474 529 aeae
484 477 518 528 ad
529 477 643 528 meliora
653 484 786 529 reservat.

153 550 196 604 sit
205 552 323 619 epatium
334 547 412 599 fatis:
424 553 461 609 et,
473 546 537 597 durn
549 546 638 608 datur,
651 548 726 613 eripe
737 547 796 598 leto

153 623 216 673 Huc
236 620 338 671 nostris
358 617 490 668 maiorem
511 617 645 666 animam:
666 630 732 666 nrex
753 616 828 667 belia
847 631 894 669 ca.

153 758 195 810 Ad
206 773 275 827 quae
286 757 426 824 suspirans
437 753 544 816 ductor,
554 699 772 805 Mortlffieseub
783 754 864 805 umis

112 828 144 879 60
157 830 212 879 Cur
229 841 357 894 poscam,
379 839 462 876 cauca
475 825 530 875 iata
547 837 642 890 parum
661 827 717 884 eat,
738 823 813 890 qued
827 822 887 873 talia

627 897 740 943 nostrae

154 964 330 1016 Pertulerunt
342 977 422 1013 aurea
434 961 595 1012 suadentem
606 957 885 1012 monstraMetennni

153 1035 175 1095 l,
188 1033 307 1093 demens,
317 1031 336 1093 i,
348 1045 395 1081 car
415 1029 543 1098 efugarn.
575 1029 639 1082 Non
650 1029 760 1082 hostica
769 1030 826 1081 tela

154 1102 283 1168 Excipiae
293 1106 381 1168 tergo,
393 1047 514 1166 guperoe
524 1114 631 1166 precor.
665 1100 786 1167 Integer,
797 1114 854 1161 erc,

153 1172 331 1239 intactusque
341 1169 433 1232 abeas,
444 1176 526 1237 atque
537 1170 622 1220 intres
631 1170 741 1220 moenia
751 1169 855 1221 Romae

115 1239 147 1290 65
161 1242 229 1291 curn
240 1241 365 1291 Varrone
376 1239 463 1289 simul.
476 1239 573 1301 Talin,
584 1237 772 1305 putridissime,
783 1237 885 1307 dignun

154 1310 277 1370 Merita,
289 1306 456 1374 pulchraque
467 1307 606 1377 indignum
617 1313 706 1359 morte
715 1306 835 1375 putasti!

157 1378 263 1443 Quippe
274 1375 341 1426 furit
350 1375 469 1439 Poenus,
481 1377 527 1444 qui
537 1392 608 1428 nunc
618 1379 760 1430 centraria
770 1377 842 1429 bella

156 1446 211 1513 lpsi
220 1444 292 1496 ferre
303 1445 360 1495 levi
372 1445 470 1497 valeat.
506 1446 561 1497 Pro
573 1447 693 1515 degener
707 1447 781 1499 altae

157 1516 273 1568 Virtutis
284 1514 403 1581 patrum!
417 1515 532 1576 Quando
544 1522 682 1568 certamen
692 1518 771 1579 inire,

114 1586 148 1635 tc
159 1585 241 1635 Cuive
253 1585 340 1634 virum
349 1585 457 1636 rnallern
467 1591 748 1652 memetccmpcnere,
760 1581 883 1653 quanrqui

157 1655 194 1705 at
204 1654 293 1705 victua
304 1653 379 1706 dabit
390 1661 418 1706 et
427 1655 516 1705 victor
526 1669 575 1721 per
585 1654 678 1706 secula
688 1654 806 1706 nument

157 1724 270 1776 Talibus
281 1725 436 1792 increpitat,
446 1724 605 1790 mediasque
618 1723 741 1775 aufertur
751 1727 780 1775 in
790 1722 882 1779 heatae

157 1795 195 1845 Ac
204 1801 279 1846 retro
291 1810 399 1846 curcum
411 1794 567 1845 tendentem
578 1793 613 1844 ari
625 1793 723 1844 crebra
732 1809 843 1845 euerurn

156 1865 279 1932 Agmina,
291 1866 356 1915 etin
367 1865 457 1915 densis
467 1863 604 1915 iurantem
615 1863 736 1914 membra
746 1861 865 1928 manipiis

114 1933 147 1982 ¹15
159 1933 214 1985 Per
226 1932 351 1983 conferta
359 1935 447 1983 virum
458 1939 486 1983 et
497 1934 598 1999 stipata
608 1933 771 1983 amnonibua
783 1946 854 1983 arnna

158 2001 338 2066 Consequitur
363 2001 459 2052 nrelinr
483 2003 595 2068 planta,
621 2012 703 2068 atque
729 2002 869 2053 obtruncat

627 2070 770 2122 Acheranr.

157 2139 193 2188 Ut
204 2137 278 2186 canis
291 2137 413 2189 occultos
424 2141 511 2207 agitat
522 2156 583 2191 curn
592 2140 720 2208 Belgicus
732 2156 823 2207 apres,

157 2207 327 2273 Errcresque
337 2204 413 2257 ferae
424 2208 520 2260 sollers
530 2225 579 2276 per
590 2210 669 2260 devia
679 2225 771 2260 rneree

158 2274 230 2326 Nare
241 2274 315 2342 legit,
328 2277 466 2342 tacitoque
477 2293 602 2343 premens
612 2281 729 2346 vestigia
739 2284 829 2331 rnatro

116 2345 149 2397 80
161 2345 275 2396 Lustrat
284 2345 440 2395 inaccessos
451 2355 597 2399 venantum
607 2349 734 2416 indagine
746 2348 844 2410 aaltun

156 2414 214 2466 Nee
224 2416 304 2477 sistit,
316 2415 379 2475 nisi,
392 2420 554 2481 conceptum
565 2424 685 2469 sectatur
698 2418 820 2479 odorem,

156 2484 308 2551 Deprendit
318 2485 411 2551 spissis
423 2499 524 2534 arcana
535 2487 634 2538 cubilia
644 2487 740 2538 dumia.

149 2555 188 2606 At
196 2554 297 2606 coniux
309 2554 391 2618 Invia,
400 2560 432 2607 ut
441 2554 565 2607 Pauiiurn
574 2556 711 2623 deuellere
722 2557 803 2608 dictis

139 2625 342 2699 Nequidquam
355 2626 418 2692 fuit,
431 2632 463 2679 et
472 2625 577 2678 ennena
584 2640 643 2675 ncn
650 2625 825 2682 uea'xuitirae,

78 2694 165 2753 851n
180 2700 296 2756 faciem
309 2702 410 2757 Mauri
420 2714 525 2753 rursus
536 2691 802 2749 mutatutaexeuae,
880 2706 883 2711 ·
