1920 2962
213 149 465 204 PUNICORUM
492 151 573 203 ΗΒ.
599 150 635 204 V.
754 149 806 202 109

60 272 187 326 Exitium
197 270 311 336 trepidis
320 269 423 337 letique
433 277 462 321 et
471 272 571 338 stragis
582 271 698 321 acerbae
813 269 866 321 460

60 343 155 393 Causa
162 336 304 404 Sychaeus
315 345 387 390 erat:
399 340 608 390 Murranumiile
615 336 805 390 eminushasta

58 408 237 471 Perculerat;
250 423 302 475 quo
314 423 367 458 uon
379 408 460 471 alius,
473 425 534 459 cum
544 408 616 459 bella
627 408 751 470 silerent,

58 478 178 532 Dulcius
190 478 323 544 Oeagrios
334 478 462 544 pulsabat
472 479 580 544 pectine
591 492 698 527 nervos.

58 547 202 600 Occubuit
213 547 282 596 silva
290 548 317 596 in
328 561 441 614 magna,
452 549 611 614 patriosque
623 546 673 597 sub
684 545 745 611 ipso
877 597 885 611 .

59 617 208 680 Quaesivit
217 621 323 667 montes
337 616 452 678 leto‚ac
463 616 554 667 feiicia
564 614 676 667 Baccho
813 615 864 665 465

58 689 101 739 Ae
121 700 207 747 usna,
219 691 247 736 et
258 682 387 751 Zephyro
400 683 559 736 Surrentum
571 685 652 736 molle
662 682 771 735 salubri.

58 703 214 808 Adhidcrat
222 756 323 805 misero
335 757 478 817 comitem,
490 769 650 821 pugnaeque
660 753 761 805 ferocis

59 823 212 877 Gaudebat
221 825 294 874 tristi
304 825 394 874 victor
404 825 526 874 novitate
539 820 690 889 Sychaeus.

59 893 194 947 Palantes
205 908 267 944 uam
276 893 339 943 dum
350 895 486 960 sequitur,
498 897 658 959 pervaserat
669 892 751 942 altam

58 962 214 1024 heilram,
225 968 254 1013 et
262 963 370 1028 priscae
381 961 490 1014 reclinis
501 962 535 1013 ah
546 962 645 1012 ictibus
655 962 720 1011 ulmi
814 961 865 1012 4⁶10

59 1034 158 1100 Terga
169 1031 299 1083 tuebatur
309 1037 421 1094 trunco,
432 1031 589 1099 frustraque
600 1031 712 1082 relictos

59 1103 209 1152 Tauranus
220 1101 334 1152 c'omites
346 1116 474 1168 suprema
484 1115 553 1152 voce
565 1100 664 1150 ciebat.

58 1171 214 1238 Transegit
223 1171 364 1232 iuvenem,
376 1185 409 1235 ac
419 1168 552 1237 perfossis
561 1170 647 1220 incita
656 1169 785 1219 membris

57 1238 164 1293 Haesit
172 1241 200 1291 in
210 1240 338 1305 opposito
350 1241 440 1307 cuspis
453 1236 567 1292 Sidonia
577 1238 660 1306 ligno.

60 1307 242 1370 andronice
253 1310 447 1369 Quaenamira
456 1308 561 1370 Derim,
577 1308 621 1358 vel
639 1315 729 1359 mente
742 1309 804 1359 sini·

538 1382 597 1429 stra
813 1378 864 1428 475

58 1442 141 1509 Quae
153 1446 225 1498 sedit
237 1446 369 1509 formido,
380 1445 448 1497 visit
460 1448 514 1514 qui,
527 1449 617 1499 Marte
628 1447 736 1510 relicto,

59 1512 212 1568 Remorum
225 1517 369 1583 quaesistis
381 1531 469 1583 opem.
480 1516 541 1567 Non
553 1533 655 1583 aequus
665 1519 693 1567 in
705 1519 771 1568 artis

58 1584 198 1638 Nimirum
207 1585 289 1636 rebus
300 1600 397 1637 suasor
406 1591 503 1636 metris.
524 1588 621 1654 Arguit
633 1601 712 1652 asper
736 1611 738 1615 ¹

58 1655 162 1707 Exitus
174 1659 272 1706 eventu
281 1657 358 1722 pravi
371 1655 496 1705 consulta
504 1657 619 1706 timoris.

59 1725 174 1776 Annona
184 1725 309 1775 excelsos
319 1724 451 1775 tendebat
460 1725 488 1774 in
501 1722 615 1774 aethera
625 1739 718 1775 ramos
814 1726 865 1774 480

60 1792 209 1856 Aesculus,
218 1793 378 1844 umbrosum
389 1807 502 1858 magnas
511 1807 593 1858 snper
605 1792 692 1842 ardua
701 1793 782 1842 siivas

58 1862 186 1916 Nuhrhus
196 1863 334 1914 insertans
346 1862 408 1912 aitis
419 1867 516 1928 caput,
526 1861 614 1911 instar
624 1863 733 1927 (aperto
819 1899 828 1921 ,

60 1930 91 1985 si
102 1936 192 1984 staret
203 1934 314 1999 campo)
325 1931 444 1982 nemoris
462 1967 470 1992 ‚
481 1930 591 1998 latoque
603 1931 714 1982 tenebat

48 2001 198 2054 'Frondcsi
210 2003 289 2070 nigra
299 2001 423 2053 tellurem
435 2001 543 2052 roboris
553 2001 657 2051 umbra.

59 2071 120 2123 Par
128 2072 207 2122 iuxta
218 2087 344 2140 quercus,
354 2072 465 2138 longum
476 2070 572 2121 molita
582 2086 633 2137 per
642 2087 739 2122 aerum
814 2072 866 2122 485

60 2141 177 2193 vertice
188 2142 294 2192 canenti
307 2140 432 2207 proferre
443 2140 492 2191 sub
504 2146 580 2191 astra
591 2156 730 2203 cacumen,

59 2209 187 2264 Diffusus
199 2210 293 2277 patulo
304 2210 418 2262 laxabat
427 2210 520 2277 stipite
532 2209 656 2274 trondem

59 2279 269 2347 Umbrabatque
280 2295 360 2331 coma
370 2281 469 2333 summi
480 2278 591 2348 fastigia
602 2281 711 2330 montis.

60 2349 128 2399 Huc
142 2348 277 2401 Hennaea
292 2347 405 2411 cohors,
427 2350 580 2417 Triquetris
599 2364 679 2417 quam
695 2349 807 2399 miserat

540 2420 595 2470 oris

60 2487 137 2549 Rex,
148 2486 297 2550 Arethusa,
308 2493 386 2551 tuus,
398 2486 545 2539 defendere
556 2489 650 2539 nescia
658 2488 745 2539 morti
818 2485 874 2534 &hh

61 2555 212 2620 Dedecus,
224 2562 253 2608 et
262 2562 381 2610 mentam
391 2557 476 2611 nimio
487 2563 603 2612 mutatu
608 2558 735 2630 pancio,

60 2627 193 2676 Certatim
204 2641 267 2679 sese
278 2629 351 2696 tulit,
363 2631 588 2705 ascendensque
598 2631 737 2686 uicissim

48 2690 299 2754 Pressitnntnm,
309 2702 430 2761 incerto
445 2707 587 2780 pondere
597 2718 718 2760 ramos.
