1920 2962
150 166 201 219 216
344 164 373 215 G.
402 160 506 214 SlLll
533 159 699 213 imici

88 289 139 341 515
151 285 293 349 Sidonium
311 284 401 351 Fuge,
412 282 517 344 Varro,
528 282 630 348 inquit,
645 276 722 349 iuge,
734 280 838 344 Varro,
848 298 878 333 sa

623 355 742 416 perstas,

147 426 220 477 Dum
230 424 321 474 iaceat
331 420 454 473 Paullum
473 419 601 470 Patribus
612 419 758 487 Fabioque
768 419 886 471 sedenti·

148 495 184 546 Et
195 493 296 561 popule
309 489 408 543 consul
420 494 495 540 totas
506 488 627 540 edissere
639 489 758 540 Cannas.

149 563 304 615 Concedam
317 559 511 620 haesitarem,
523 559 547 609 si
557 557 625 608 lueis
635 562 717 609 tanta
727 559 831 625 cupido
841 566 888 619 est,

149 630 305 684 Concedam
320 629 385 691 tibi,
400 627 506 690 Varro,
521 626 696 745 iugamhAt,
712 626 887 679 autfertiaet

645 701 707 747 osta

87 771 138 822 5²⁰
151 769 199 821 Me
209 769 292 837 digna
302 764 375 817 baud
386 779 471 833 parvo
484 764 627 816 ealuemnt
636 765 724 817 corda
734 767 840 835 vigore,

147 841 256 891 Funere
266 850 394 903 supremo
407 840 435 886 et
445 833 541 885 tumuli
552 834 700 885 decoretur
711 832 828 888 bonore.

150 910 283 970 Quantus,
294 904 399 967 Paulle,
408 903 496 955 iacesl
507 904 553 971 qui
563 909 606 955 tot
616 901 682 953 mibi
693 904 814 957 millibus
823 919 884 956 unus

147 979 238 1028 Maior
247 975 371 1025 laetitiae
383 987 468 1024 eausa
477 986 516 1024 es.
535 974 604 1024 Cum
613 971 675 1023 fata
684 973 834 1037 rotabunt,

149 1045 216 1096 Tale
229 1057 328 1111 precor
338 1041 426 1103 nobis,
438 1041 514 1092 salva
526 1039 701 1110 Carthagine,
710 1042 806 1095 letum.

87 1115 137 1166 525
149 1116 228 1166 llaec
240 1114 291 1165 ait:
309 1117 337 1163 et
349 1111 454 1163 socium
464 1109 588 1163 mandari
600 1124 721 1177 corpora
729 1118 831 1176 terrae,

148 1185 266 1236 Postera
276 1197 339 1233 eum
348 1178 476 1232 thalamis
485 1181 592 1232 Aurora
601 1180 712 1232 rubebit
722 1184 835 1248 apertis,

146 1255 281 1319 imperat;
298 1262 490 1316 armorumque
499 1249 577 1301 iubet
587 1263 757 1318 consurgere
766 1264 880 1309 πωπω,

147 1324 272 1383 Arsuras,
287 1318 416 1379 Gradive,
426 1318 485 1369 tibi.
509 1318 582 1369 Tum
591 1333 707 1371 munera
718 1320 805 1384 iussa,

146 1388 256 1441 Defessi
278 1401 446 1455 quanquam,
468 1387 813 1471 accelerantsparsoqne
826 1400 878 1457 pro·

624 1473 743 1525 pinques

86 1529 136 1579 530
148 1527 260 1595 Agmine
272 1529 449 1593 prosternunt
460 1526 552 1592 lucos3
571 1533 652 1578 sonat
664 1533 730 1579 aete
740 1528 846 1594 bipenni
876 1558 879 1563 ·

145 1597 295 1648 Frondosis
306 1595 374 1647 silva
384 1595 441 1646 alta
449 1597 528 1664 iugis.
554 1597 628 1648 Hine
639 1611 724 1648 ornus
734 1605 765 1649 et
775 1597 849 1649 albae

145 1665 267 1733 Populus
278 1664 335 1716 alta
345 1680 451 1728 comae,
462 1664 559 1717 validis
571 1667 664 1717 accisa
672 1666 795 1729 lacertis,

145 1735 293 1798 Scinditur,
304 1733 368 1786 bine
377 1735 431 1786 ilex
442 1749 607 1802 proavorum
618 1735 732 1787 condita
743 1736 825 1789 seclo.

146 1807 301 1858 Devolvunt
312 1819 437 1872 quereus,
446 1809 474 1856 et
485 1811 622 1855 amantem
632 1805 717 1856 litora
727 1807 828 1872 pinum,
861 1820 864 1827 ·

84 1877 134 1926 535
147 1880 194 1938 Ae,
205 1875 290 1927 ferale
302 1874 394 1935 decus,
402 1879 522 1925 maestas
533 1873 569 1924 ad
579 1872 662 1924 basta
671 1888 825 1940 cupressos.

143 1946 283 1995 Funerees
294 1948 352 1993 tum
363 1943 461 1994 deinde
472 1958 556 2010 pyras
566 1944 717 1995 certamine
728 1948 834 1995 texuatr

146 2012 273 2063 Officium
282 2008 378 2060 infelix
389 2019 418 2061 et
428 2027 525 2063 munus
534 2013 616 2062 inane
628 2014 770 2078 peremtis,

145 2081 241 2130 Donec
252 2076 410 2131 anhelantes
421 2087 520 2148 stagna
530 2082 559 2131 in
570 2082 714 2133 Tartessia
723 2080 846 2135 Phoebus

143 2149 241 2199 Mersit
252 2163 347 2215 equos,
358 2147 518 2217 fugiensque
530 2150 593 2216 polo
606 2151 719 2202 Titania
730 2164 839 2204 caecam

83 2219 134 2268 540
146 2216 244 2268 Orbita
254 2217 371 2282 nigranti
381 2221 467 2269 traxit
479 2219 594 2288 ealigine
605 2226 725 2272 noctem.

143 2286 220 2348 Post,
232 2284 278 2334 ubi
289 2283 423 2336 fulserunt
432 2290 525 2352 primis
536 2288 703 2341 Phaetontia
712 2288 793 2343 hana

142 2354 262 2424 Ignibus,
275 2360 356 2421 atque
367 2356 409 2405 sui
419 2359 499 2408 terris
510 2359 617 2410 rediere
629 2358 747 2423 colores,

145 2424 307 2492 Supponunt
317 2422 463 2489 flammam,
473 2433 502 2477 et
511 2429 653 2479 manantia
663 2443 784 2496 corpora
792 2425 853 2479 tabo

143 2493 245 2544 Hostili
255 2494 353 2545 tellure
364 2503 495 2547 cremant.
517 2495 596 2549 Subit
606 2496 720 2549 horrida
731 2504 845 2550 mentem

78 2565 130 2615 545
141 2562 276 2616 Formido
287 2564 389 2616 incerti
399 2581 489 2628 easus,
497 2568 653 2632 taeitnsquo
663 2572 791 2632 pererrat

133 2636 244 2688 intima
254 2635 347 2686 corilo
355 2650 457 2704 paror,
466 2636 493 2686 si
499 2634 810 2697 lorsitubbartis'm'upb

126 2711 204 2765 Mox
219 2706 313 2774 ferat,
327 2722 361 2760 ae
371 2707 445 2774 ipsis
453 2696 816 2755 inimieasebeiaeenbum.
879 2714 899 2739 a
