1920 2962
69 2212 73 2331 l

193 77 199 86 ⁴
245 90 279 143 ss
439 85 468 134 c.
497 81 602 135 srnrr
628 80 794 134 rrnnrcr

248 203 393 265 Gaudebit,
406 203 547 270 nullosque
557 206 649 252 vomet
659 201 705 265 pis
714 205 790 249 terra
801 212 834 249 cn

245 276 285 327 Αιι
296 279 325 324 te
335 277 521 341 praestantem
530 270 594 321 belli
604 267 683 336 fugit,
694 268 822 334 improba
832 292 834 308 ι

246 343 310 395 Hoc
320 343 407 410 possit
416 342 539 392 Fortuna
549 336 629 389 locoi
648 336 732 388 Sedet
745 336 834 387 obrius

247 411 368 463 Adversa
378 410 483 473 ironte3
500 414 530 460 at
541 409 614 459 circa
623 421 770 457 nemorosa
778 407 834 454 min

204 481 237 532 95
249 480 364 533 Insidias
375 481 448 547 iuga,
460 493 511 529 nec
520 477 599 527 laeva
611 474 800 542 stagnantibus
811 490 834 523 ιιι

247 549 385 618 Effugium
396 553 482 615 patet,
494 552 523 598 ct
531 545 607 596 tenui
619 549 692 595 stant
702 541 834 593 tramitei

249 618 277 670 Si
289 623 395 670 certare
407 616 485 677 dolis,
498 620 526 665 et
535 613 634 665 bellum
645 613 744 663 ducere
756 611 834 663 cordi

247 690 357 739 Interea
367 685 469 751 rapidis
482 683 570 735 aderit
581 679 710 733 Servilius
720 681 811 742 armis,

250 758 298 808 Cui
310 771 360 823 par
370 754 522 820 imperium,
534 757 562 803 et
572 753 643 802 vires
655 749 807 818 legionibus
818 764 835 799 a

192 827 239 875 loo
250 825 410 877 Bellandum
422 828 464 873 est
474 827 544 872 astu.
562 820 665 871 Levior
675 819 734 870 laus
744 820 772 868 in
782 818 834 869 duc

250 893 330 944 Talia
342 892 482 952 Corvinus,
494 892 679 955 primoresque
692 887 791 939 addere
804 903 834 953 pa

250 962 383 1012 orantum
394 959 486 1019 verba,
498 964 526 1007 et
537 958 638 1007 divisus
650 958 762 1023 quisque
772 958 833 1007 tim(

249 1027 328 1081 Nunc
339 1027 468 1095 Superos,
480 1041 513 1078 ne
524 1026 665 1087 Flaminio,
678 1042 748 1076 nunc
761 1026 833 1075 deinc

248 1098 418 1160 Flaminium,
428 1113 463 1148 ne
474 1095 618 1147 Coelicolis
629 1095 793 1146 contendere
807 1110 833 1161 pr

189 1167 239 1218 105
251 1169 346 1220 Acrius
357 1166 409 1217 hoc
422 1181 539 1216 accensa
549 1165 626 1215 ducis
637 1169 793 1215 surrexerat
802 1165 833 1213 irs

249 1236 402 1302 Auditoqne
412 1234 513 1295 furens,
524 1234 614 1284 socias
624 1248 678 1283 non
691 1233 784 1283 defore
795 1234 833 1282 vir

250 1303 357 1356 Siccine
367 1317 426 1365 nos,
436 1303 531 1370 inquit,
542 1302 674 1353 Boiorum
683 1303 711 1352 in
720 1302 792 1353 bella
801 1316 833 1352 ru

250 1371 412 1440 spectastis,
423 1387 485 1421 cum
495 1376 573 1421 tanta
582 1370 641 1422 lues
652 1371 800 1439 vulgusque
812 1377 833 1421 tr

249 1444 400 1510 ingrueret,
412 1455 546 1507 rupesque
555 1441 655 1491 itemm
665 1441 785 1506 Tarpeia
795 1455 833 1506 pa·

189 1513 241 1563 11⁰
253 1511 328 1574 Quas
339 1525 391 1577 ego
403 1514 469 1561 tunc
480 1511 582 1560 animas
594 1509 699 1571 dextra,
712 1524 780 1576 quae
792 1524 833 1559 cor

248 1581 324 1632 lrata
335 1579 431 1632 tellure
443 1585 513 1642 sata,
524 1584 553 1631 et
562 1580 608 1630 vix
619 1580 728 1629 vulnere
738 1579 821 1628 vitam

249 1649 405 1702 Reddentes
414 1648 482 1701 unol
502 1650 615 1701 iacuere
624 1648 746 1715 ingentia
756 1647 833 1697 meml

249 1720 304 1772 Per
325 1735 448 1787 campos,
469 1720 627 1787 magnisque
647 1722 773 1784 premunt
791 1733 833 1765 nur

664 1802 737 1836 arva.

251 1857 361 1910 Scilicet
372 1857 421 1908 has
431 1872 494 1909 sera
503 1856 537 1907 ad
547 1856 641 1907 landes
653 1854 781 1906 Servilius
792 1870 832 1904 arr

191 1928 242 1978 115
253 1927 396 1993 adiungat,
408 1927 459 1976 nisi
471 1925 556 1975 diviso
566 1926 664 1976 vicisse
674 1921 811 1990 triumpho

250 1998 287 2049 Ut
294 2008 436 2061 nequeam,
444 1998 472 2042 et
480 1992 587 2044 decoris
597 1999 741 2044 contentus
749 1999 826 2059 parte

252 2066 357 2130 Quippe
368 2058 480 2112 monent
490 2059 595 2128 Superi.
615 2061 720 2114 Similes
732 2079 765 2113 ne
777 2063 832 2128 ling

249 2132 424 2197 classicoqui
435 2132 565 2193 tremitis,
582 2131 676 2184 Divos.
700 2130 749 2182 Sat
766 2146 832 2198 magn

660 2207 729 2252 stem

248 2273 340 2338 Augur
352 2269 430 2319 adest
440 2270 523 2332 ensis3
537 2266 731 2338 pulchrumque
743 2276 771 2320 et
780 2268 832 2318 mili

189 2344 239 2392 120
250 2340 405 2406 Auspicium
416 2338 509 2400 Latio,
516 2338 625 2404 qnodin
636 2341 717 2391 armis
730 2339 832 2390 dexter:

247 2411 296 2472 An,
309 2409 432 2470 Corvino,
444 2407 530 2468 sedet,
543 2407 662 2459 clausum
674 2425 704 2461 se
717 2407 832 2460 Consuli

248 2481 285 2531 Ut
295 2484 388 2528 teneat
398 2475 487 2527 rallol
505 2476 614 2529 Poenos
625 2494 697 2529 nunc
708 2482 824 2543 occupet

238 2551 449 2613 anselmum,
462 2544 579 2615 Corythi
587 2563 662 2598 nunc
671 2548 763 2597 diruat
770 2559 832 2593 aree

226 2619 308 2675 Hinc
319 2619 438 2676 Clusina
450 2617 551 2694 petati
571 2622 718 2688 postremo
732 2613 832 2662 admo«
