1920 2962
248 164 498 221 PUNlCORUM
526 165 606 218 LlB.
634 165 669 218 X.
775 169 824 220 2⁰3
911 122 916 131 1

87 287 194 339 Ανοωὲ
202 286 327 353 ignarum
336 300 419 336 saevo
431 300 448 336 a
458 287 606 337 certamine
616 285 747 338 Poenum.

87 356 152 406 llue
174 355 244 416 tela,
262 353 330 418 hue,
350 356 449 422 inquit,
472 347 604 474 dembhll
615 355 822 422 implorantibus

602 439 640 485 er,

88 494 111 546 0
125 493 209 544 decus
221 498 361 544 aeternum
373 490 555 560 Carthaginis.
592 493 714 544 Horrida
723 495 801 546 iuxta

87 561 254 630 stagnantes
265 561 365 613 Consul
374 561 485 613 molitur
496 561 601 627 procba
611 562 697 628 ripas:

87 632 126 685 Et
135 630 195 683 laus
207 629 281 681 haud
293 631 345 682 alio
357 632 446 681 maior
456 630 537 681 datur
549 629 628 681 hoste
639 636 771 697 peremto.
852 633 885 684 ⁹0

87 701 168 751 llaec
179 701 232 764 ait3
243 706 272 751 et
281 701 408 752 iuvenem
417 699 525 750 diversa
537 699 572 750 ad
584 699 689 766 proelia
700 707 800 768 raptat.

86 770 228 822 Flumineo
240 768 377 834 Libycam
387 768 516 819 turbabat
525 770 551 818 in
565 783 665 836 aggere
676 770 788 836 pubem:

87 839 195 890 Cristae
206 853 305 889 nomen
316 843 385 889 erat.
421 837 470 888 Bis
479 838 549 888 terni
560 838 654 888 iuncta
663 837 790 889 ferebant

85 909 169 958 Mma
179 923 273 960 senem
285 908 359 958 circa
368 907 437 957 nati:
448 921 606 973 pauperque
618 913 755 972 penatum,

87 974 141 1028 Sed
161 976 258 1028 domus
277 975 351 1028 haud
366 975 484 1027 obscura
499 976 761 1096 Tudgmbnotusque
776 992 826 1044 per

586 1060 612 1094 m
631 1060 677 1096 ros
850 1046 883 1097 bb

84 1114 210 1166 Bellator
221 1113 346 1180 populos,
357 1111 438 1163 factis
450 1119 478 1162 et
490 1112 574 1163 caede
585 1113 704 1163 docebat

84 1182 222 1235 Natorum
233 1183 396 1248 armigeram
405 1196 510 1248 pugnas
520 1186 642 1243 tractare
654 1180 804 1234 cohortem.

83 1253 221 1306 Unanima
230 1251 293 1300 inde
305 1248 437 1316 phalanx,
449 1249 533 1300 crudo
546 1250 663 1301 discente
673 1253 814 1319 magistro,

83 1322 237 1392 Postquam
255 1318 392 1370 hominum
407 1319 509 1370 satiata
519 1334 586 1370 nece
599 1325 653 1383 est,
668 1326 823 1387 prostrave-

560 1395 603 1440 rat
612 1391 671 1440 ictu

82 1459 230 1510 Innumero
246 1473 307 1508 cum
318 1463 393 1509 turre
403 1456 505 1521 leram,
515 1457 675 1527 facibusque
687 1461 788 1511 secutis
832 1460 884 1510 roo

84 1526 231 1579 Ardentem
244 1528 359 1578 monstri
368 1527 513 1594 spectabat
522 1527 596 1584 laeta
606 1530 726 1579 ruinam:

85 1598 154 1648 Cum
165 1596 270 1647 subitus
281 1596 377 1664 galeae
388 1596 487 1664 bulgar,
500 1612 625 1665 conoque
636 1613 768 1649 coruscae

83 1664 191 1717 Maiore
202 1667 367 1717 intremuere
377 1667 472 1717 iubae:
483 1666 624 1717 nectardo
635 1673 761 1717 senectus
772 1686 779 1730 ;

82 1735 214 1803 (Agnovit
222 1750 285 1786 nam
296 1734 357 1785 luce
368 1736 467 1797 virum)
479 1737 551 1799 rapit
563 1735 670 1800 agmine
682 1740 761 1785 natos

82 1800 175 1855 Saeva
184 1818 282 1870 parens
293 1803 565 1864 ultroincertamina,
577 1801 714 1852 etaddere
720 1802 819 1868 passim
833 1805 883 1856 rot

82 1873 155 1925 'l'ela
162 1873 248 1935 iubet,
259 1888 310 1924 nec
322 1876 464 1923 manantes
475 1886 509 1922 ex
521 1886 569 1922 ore
579 1869 676 1932 feroci,

81 1944 136 1994 Aut
148 1957 218 2010 quae
230 1940 379 2009 flagrarent
389 1941 476 2009 galea,
488 1938 822 1992 exhorrescerellammas.

82 2012 207 2080 miger
218 2009 291 2063 haud
303 2011 382 2062 aliter
393 2011 484 2078 magni
495 2012 576 2073 loris,
588 2011 670 2063 anxia
681 2010 744 2061 nido

82 2082 151 2132 Cum
163 2080 259 2149 dignos
271 2082 358 2131 nutrit
367 2080 501 2149 gestanda
512 2081 547 2131 ad
557 2079 670 2131 fulmina
679 2079 760 2143 fetus,

83 2151 235 2203 obversam
246 2155 374 2217 spectans
386 2165 435 2201 ora
445 2150 479 2201 ad
492 2148 678 2201 Phaethontia
689 2150 803 2216 prolem,
833 2152 884 2202 111)

81 2220 220 2287 Explorat
232 2219 330 2272 dubios
340 2216 471 2271 Phoebea
480 2218 607 2286 lampade
618 2225 707 2272 natos.

79 2291 196 2358 lamque
206 2291 263 2341 suis
275 2289 353 2340 duret
363 2295 394 2340 ut
404 2289 822 2356 pugnaedocumentavocantis‚

84 2357 269 2426 [Stridentem
280 2357 379 2426 gelidis
389 2357 507 2409 vibravit
515 2359 617 2408 viribus
628 2356 760 2423 hastam]

84 2430 163 2491 Quae
174 2427 278 2478 medias
289 2427 389 2492 raptim
400 2425 481 2478 velox
491 2426 678 2493 praetervolat
689 2440 778 2476 auras.

82 2498 184 2548 Haesit
194 2496 337 2563 multiplici
348 2511 403 2547 non
415 2495 469 2545 alte
481 2497 571 2562 cuspis
582 2497 609 2544 in
621 2509 699 2556 auro,
832 2497 883 2547 115

82 2569 122 2618 Ac
133 2567 239 2618 senium
249 2564 369 2616 invalido
380 2564 538 2632 dependens
549 2562 756 2631 prodidit'mhu.

83 2637 131 2686 cni
135 2636 260 2688 Poenus:
273 2635 393 2699 Quinam
405 2635 441 2690 ad
453 2652 553 2691 cassos
561 2634 645 2688 lusos
654 2631 859 2703 intumulatus

69 2702 250 2772 llxsangmsm
259 2710 342 2763 senio
353 2708 512 2766 dextraml
521 2709 587 2766 Vix
594 2707 700 2780 prima
706 2692 878 2753 mnmonbxt
