1920 2962
81 183 332 237 PUNIGORUM
361 183 442 236 [ΑΒ.
466 184 540 238 xlv.
639 185 688 237 311

45 321 57 354 s
69 304 224 354 scribuntur
234 320 294 368 acu,
306 310 353 355 aut
364 302 544 371 Memphitide
554 304 617 356 tela.
698 306 748 357 666

43 373 97 423 mul
110 380 224 440 argento
236 372 368 442 fulgentia
379 374 487 440 poeula,
498 375 584 425 mixta

44 457 137 493 'emma
148 444 287 511 quaesitus
294 441 391 507 honos,
402 443 549 494 simulacra
556 444 687 506 Deorum,

44 529 55 561 1
67 512 100 561 ab
111 518 170 564 orte
182 512 275 564 datum
286 514 438 564 servantia:
451 527 564 563 munera
576 512 648 564 rubri

44 596 99 631 area
110 583 196 648 ponti,
208 583 369 650 depexaque
380 581 481 632 vellera
490 583 584 646 ramis,

44 666 95 701 ,eus
105 651 192 701 labor.
223 653 274 702 His
286 653 368 703 tectis
379 652 530 720 opibusque
541 653 645 717 potitus
699 653 749 704 665

43 722 83 770 ius
93 720 200 783 ductor,
212 728 358 788 postquam
369 721 490 771 sublimis
501 721 535 771 ab
547 720 603 772 alto

44 805 54 839 e
67 790 192 856 despexit
203 791 337 856 trepidam
350 790 523 856 clangoribus
533 790 638 852 urbem,

44 874 93 908 suo
104 860 223 925 positum
234 866 310 922 nutu,
323 865 396 909 stent
406 861 516 909 moenia
525 872 629 926 regum,

45 928 86 978 los
98 930 188 978 oriens
200 929 292 979 videat
302 928 349 978 lux
360 930 480 980 crastina
490 944 592 990 muros,

43 998 84 1046 uit
94 998 205 1047 nimium
216 999 291 1059 iuris,
302 1003 463 1065 tantumque
474 998 557 1049 licere
698 997 749 1047 oto

44 1067 73 1128 it,
85 1072 113 1116 et
123 1081 240 1132 propere
250 1074 382 1118 revocata
393 1067 485 1118 militis
493 1070 544 1130 ira,

44 1142 115 1185 stare
127 1135 233 1196 domos,
242 1136 386 1202 indulgens
397 1137 499 1201 templa
509 1137 624 1186 vetustis

44 1218 71 1252 re
84 1208 166 1269 atque
176 1201 301 1254 habitare
313 1203 388 1254 Deis.
417 1203 463 1254 Sic
474 1219 587 1270 parcere
598 1204 676 1254 victis

44 1271 117 1321 ¹aeda
127 1271 187 1335 fuit,
199 1278 234 1334 et,
246 1288 307 1324 sese
319 1278 458 1336 contenta,
468 1289 520 1324 nec
529 1273 583 1323 ullo

44 1343 86 1391 ine
96 1341 206 1407 pollutis
218 1343 318 1409 plausit
331 1343 455 1394 Victoria
468 1345 571 1409 pennis.
699 1342 748 1392 6¹15

44 1426 109 1477 oque
117 1411 239 1463 ductoris
247 1412 384 1474 lacrimas,
395 1413 580 1474 promeranda,
592 1413 687 1474 tulisti,

44 1496 84 1530 ror
96 1482 209 1546 patriae.
224 1483 404 1534 Meditantem
415 1485 441 1532 in
452 1482 563 1548 pulvere
575 1481 687 1544 formas,

44 1550 155 1599 lrbatum
169 1552 259 1613 animi,
271 1558 348 1602 tanta
360 1551 474 1601 feriente
486 1553 572 1612 ruina,

308 1621 321 1646 'l'

46 1703 77 1736 us
90 1686 165 1736 miles
178 1656 255 1753 uulgit
263 1691 320 1736 tum
332 1656 404 1737 forie
415 1687 553 1754 peremit]

44 1770 124 1822 quum
135 1754 241 1822 vulgus,
251 1754 374 1806 resoluta
383 1756 411 1803 in
423 1755 523 1820 gaudio
533 1761 634 1815 mente,
696 1755 746 1805 686

46 1830 95 1874 unt
105 1824 170 1874 vieti
180 1823 339 1874 victoribus.
368 1823 564 1887 Aemulusipse

44 1896 53 1943 i
65 1893 208 1961 Superum,
220 1891 355 1945 servando
367 1890 602 1942 condiditurbem.

44 1968 127 2014 exstat
138 1963 226 2026 seclis,
237 1962 374 2029 stabitque
385 1961 490 2030 insigne
501 1967 654 2028 tropaeum,

43 2034 72 2082 ›it
84 2035 210 2099 antiquos
221 2032 366 2083 ductorum
377 2046 492 2082 noscere
503 2046 602 2081 mores.

44 2119 54 2152 s
66 2101 171 2169 populil
182 2104 214 2164 si,
227 2101 363 2170 quondam
372 2106 402 2151 ut
412 2100 484 2152 bellu
493 2100 627 2160 solebant,
697 2097 747 2149 685

44 2187 146 2238 quoque
156 2170 333 2223 inexhaustas
343 2185 397 2237 pax
412 2176 507 2223 nostra
522 2169 686 2236 relinqueret

423 2241 513 2292 urbes.

44 2324 107 2359 eura
116 2311 175 2372 riri,
189 2312 233 2377 qui
244 2325 315 2360 nunc
326 2310 402 2362 dedit
414 2312 470 2361 otia
479 2308 590 2371 mundo,

45 2394 90 2428 um
103 2386 211 2431 arceret
220 2378 368 2445 populandi
380 2386 479 2432 cuneta
488 2380 620 2437 furorem,

45 2454 105 2498 sent
117 2449 212 2500 avidae
224 2455 366 2516 terrasque
376 2449 530 2515 fretumque
541 2446 662 2511 rapinae.
