1920 2962
151 167 202 217 nan
355 166 384 216 c.
412 148 525 215 srnrr‘
545 164 713 217 runnror

151 286 190 337 lit
198 284 312 347 iuvenis,
323 298 423 352 magno
434 252 581 351 geruntus
591 285 763 347 Hamilcare,
774 282 858 337 duras

152 356 210 405 lam
222 353 324 405 dudum
335 360 447 405 exercet
456 369 545 405 curas.
575 352 751 422 canheglnis
763 368 841 405 arces

92 423 143 476 tta
155 425 199 474 lre
209 421 289 474 ferox
297 423 392 490 Mago,
403 428 432 473 et
443 422 571 474 Patribus
582 429 696 490 portare
707 421 818 475 iubetur

152 491 256 544 Nuntia
264 490 341 543 iacta
351 491 436 543 ducis.
464 491 573 543 Praeda
583 497 613 543 et
623 493 737 558 captiva
745 492 868 561 leguntur

155 564 287 629 Corpora,
299 560 484 628 dereptaeque
494 561 559 611 viris
568 562 619 611 sub
629 562 724 612 Marte
736 565 848 612 cruento

153 632 285 692 Erinnae,
297 629 379 681 fausti
392 628 504 696 Superis
515 629 729 681 libaminabelli.

152 701 247 753 Altera
257 715 384 751 curarum
394 699 507 764 Libycis
519 699 673 750 demittitur
683 700 741 751 oris

93 771 144 822 380
154 767 231 822 lleul
243 768 355 831 Decius,
366 768 461 819 reduci
471 768 560 819 lentas
570 773 697 820 servatus
710 768 746 819 ad
754 769 823 831 iras3

154 840 189 891 Ni
198 853 305 906 poenae
316 839 440 890 iuvenem
450 837 578 906 indignae
590 838 738 889 miseratum
749 836 784 888 ob
795 836 846 887 alto
862 886 865 891 .

154 911 258 975 lupiter
271 909 410 974 untiqnam
419 907 496 957 Batti
506 907 635 958 vertisset
645 907 681 957 ud
690 906 796 957 urbem.

154 979 209 1029 Hic
219 976 314 1028 Pelleo
326 976 412 1025 virum
422 976 576 1027 Ptolemaei
585 982 698 1042 sceptra
708 973 847 1026 uehentum

153 1047 287 1112 Eripuere
298 1045 392 1106 minis,
403 1044 579 1112 resolutaque
589 1044 699 1096 vincula
710 1044 791 1095 collo.

94 1115 145 1169 385
157 1118 245 1184 Atque
257 1113 353 1165 eadem
363 1113 436 1164 vitae
449 1119 541 1165 custos
552 1127 619 1171 mox
630 1113 729 1165 deinde
742 1115 832 1181 quieto

155 1185 269 1250 Accepit
279 1183 359 1234 tellus
371 1198 435 1234 ossa
443 1184 576 1235 inviolata
586 1182 725 1250 sepulcro.

154 1254 213 1306 Nec
226 1253 362 1305 Venerem
373 1254 480 1303 interea
489 1252 561 1321 fugit
572 1252 732 1318 exoptabile
742 1259 844 1318 tempus

155 1323 310 1374 Pocnorum
320 1328 426 1371 mentes
438 1336 522 1372 caeco
534 1322 669 1388 perlaeta
680 1320 821 1386 premendi

155 1391 261 1451 Exitio,
274 1393 302 1438 et
310 1389 376 1438 luxu
387 1389 473 1440 corda
483 1392 639 1457 importrma
653 1390 791 1441 domandi.

95 1461 145 1514 39⁰
156 1458 293 1526 Spargere
305 1457 361 1507 tela
371 1473 453 1510 manu
465 1461 566 1525 passim
575 1460 701 1514 fallentia
712 1461 785 1510 natis

155 1530 285 1595 Imperat,
296 1532 324 1576 et
333 1528 433 1579 tacitas
444 1530 471 1578 in
483 1535 597 1595 pectora
607 1532 718 1581 mittere
729 1527 852 1580 flammea

156 1600 229 1648 Tum
239 1597 330 1664 pueris
342 1596 421 1648 dulce
433 1599 568 1650 arridens:
579 1600 633 1650 Eat
643 1599 773 1666 improba
783 1598 852 1659 luno,

155 1669 192 1719 Et
203 1683 253 1717 nos
264 1668 275 1729 (
282 1681 332 1716 nec
343 1668 455 1730 mirum,
473 1668 537 1735 quid
549 1670 621 1719 enim
630 1662 760 1733 sumusi)
777 1674 836 1718 acto
846 1678 872 1716 st

632 1739 728 1790 cundis

156 1808 307 1873 Despiciot.
337 1805 418 1857 Volet
428 1807 575 1870 illamam,
585 1808 659 1858 valet
669 1808 717 1859 illa
726 1809 846 1860 lacertis:

95 1876 145 1928 395
157 1877 276 1928 Parvula
285 1891 335 1927 uos
348 1892 413 1927 arcu
424 1876 521 1943 puerili
531 1876 637 1942 spicula
645 1879 746 1928 sensim

155 1945 317 2006 Fundulus,
329 1950 358 1995 et
368 1945 456 1996 nullus
468 1952 563 1996 nostro
573 1947 607 1996 de
617 1946 729 1998 vubrere
741 1947 853 2015 sanguis

156 2015 267 2074 Verum,
280 2014 362 2080 agite,
373 2027 389 2063 o
402 2029 463 2064 mea
474 2016 564 2079 turba,
576 2030 683 2081 precor,
695 2032 769 2068 nunc
779 2023 880 2082 tempu,

630 2085 736 2149 adeste,

156 2153 193 2202 Et
202 2151 319 2215 'l'yriam
330 2151 429 2217 pubem
440 2155 532 2206 tacitis
543 2156 648 2205 exurite
659 2155 729 2205 telis.

156 2219 296 2285 Amplexu,
307 2221 447 2288 multoque
459 2238 549 2285 mero,
560 2238 711 2290 somnoque
723 2226 841 2275 uirorum

95 2292 147 2340 loo
159 2287 335 2357 Profliganda
346 2291 429 2351 acies,
441 2306 521 2357 quam
533 2309 588 2344 non
599 2292 765 2360 perfregerit
776 2294 852 2354 ensis,

156 2358 219 2410 Non
228 2360 314 2428 ignes,
326 2374 380 2409 non
391 2360 517 2411 immissis
530 2362 665 2413 Gradiuus
676 2360 801 2415 habenis.

157 2430 301 2481 combibat
311 2429 423 2496 illapsos
435 2428 534 2481 ductor
544 2433 711 2501 perviscera
722 2432 812 2495 luxus,

155 2496 214 2548 Nec
224 2500 327 2565 pudeat
336 2501 410 2566 picto
422 2498 520 2550 tultum
528 2503 646 2552 iacuisse
658 2502 750 2565 cubili,

151 2564 212 2618 Nec
225 2569 329 2621 crinem
340 2571 452 2638 Assyrio
463 2569 628 2638 periunderc
639 2578 744 2636 pugnet
755 2580 868 2622 amomo.

78 2637 132 2690 405
142 2638 197 2693 ille
205 2639 262 2693 sub
273 2639 394 2695 hiberno
407 2657 524 2694 somnos
534 2640 655 2692 educere
664 2638 743 2686 coelo

132 2712 283 2784 iactator,
295 2717 387 2770 tectis
400 2714 487 2768 malit
499 2719 670 2762 consumere
677 2709 790 2751 noctes.
