1920 2962
175 161 226 212 308
376 160 404 209 G.
435 155 542 209 slhll
568 153 737 207 lanato!

175 281 266 330 Morte
278 293 328 329 sua
338 278 482 343 perimant.
499 275 681 325 Remeantum
689 275 801 343 gurgite
811 268 906 335 menta

115 349 166 398 555
179 347 358 408 crudescunt,
370 362 403 396 ac
414 360 464 412 pre
475 343 549 395 ferro
561 347 617 393 stat
628 340 759 395 fluctibus
770 344 819 395 nti.

175 419 278 468 Haurit
288 412 453 483 sanguineus
464 418 593 464 contorta
603 411 744 477 cadavera
752 418 855 475 vortex,
952 446 960 462 .

71 522 75 531 ·
176 488 249 537 Hinc
262 485 379 547 clamor,
394 483 512 551 gemitus
524 481 611 543 illine,
628 486 805 549 mortesque,
822 480 897 549 agne·
950 512 960 527 ,

652 564 716 617 ‘1⁰02
946 600 949 605 ⁴

176 624 323 674 Remolum
343 636 378 673 ue
388 620 491 687 fragor,
503 618 632 687 flictuque
641 621 774 671 sonantia
784 626 873 673 rorat
945 618 953 627 “

176 639 703 743 Permsumirellolmetmmetfmm
712 689 822 741 acerbis
944 682 948 695 ’

115 761 166 811 teo
178 763 271 829 Terga
281 760 346 828 fuga
358 758 439 810 celeri
450 757 558 823 Libyae
569 757 708 808 convertit
717 757 754 809 ad
766 773 836 822 oras,

174 831 284 898 Exigua
296 844 357 880 sese
369 827 475 878 iuratus
487 827 606 878 Himilco
619 826 723 877 carina.

176 901 345 950 Concessere
356 895 545 947 maritandam
558 895 658 947 Graius
678 910 714 947 ue
724 894 867 965 Libyrque,

175 969 213 1018 Et
222 970 277 1018 iarn
289 968 414 1033 captivae
425 965 519 1016 vinclis
532 910 757 1032 ad·btoraiongo

177 1036 279 1087 Ordine
291 1036 427 1086 ducuntur
437 1049 474 1101 pu
494 1049 552 1100 pes.
580 1033 840 1101 Flagrantibusalto
952 1068 960 1104 ,

117 1106 166 1156 565
181 1104 260 1157 Stant
272 1106 341 1157 aliae
351 1103 448 1155 taedis.
472 1049 604 1171 Splendet
613 1102 724 1154 lucente
736 1102 865 1172 profundo

176 1175 319 1238 Mulciber,
331 1180 360 1226 et
369 1173 487 1225 tremula
496 1173 618 1223 vibratur
627 1172 750 1240 imagine
761 1179 860 1241 pontus.
943 1172 950 1180 '

176 1245 260 1295 Ardet
270 1251 337 1294 nota
347 1243 426 1294 fretis
438 1243 541 1308 Cyane,
552 1247 728 1309 pennataque
739 1241 825 1296 Siren.
945 1242 956 1319 '1

176 1313 260 1362 Ardet
271 1319 299 1363 et
311 1313 432 1377 Europe,
442 1311 513 1361 nivei
527 1311 577 1361 sub
588 1312 708 1378 imagine
719 1314 794 1365 tauri
874 1338 878 1347 ·

176 1381 266 1431 Vecta
278 1380 348 1440 lori,
364 1393 397 1429 ac
409 1394 508 1444 prenso
523 1382 679 1431 tramittens
692 1392 897 1449 aequoracom·

116 1451 166 1500 550
176 1450 213 1500 Et
225 1464 303 1516 quae,
315 1447 376 1498 fusa
388 1464 494 1511 cernas,
504 1464 620 1511 ,currum
630 1464 682 1516 per
693 1451 806 1503 caerula
814 1451 896 1519 pisce·
956 1483 960 1520 ς

175 1517 272 1569 Nereis
284 1516 407 1569 humenti
417 1519 576 1569 moderatur
586 1518 700 1571 roscida
708 1518 798 1573 freno.

177 1589 270 1638 Uritur
280 1587 430 1656 undivagus
442 1584 563 1654 Python,
574 1594 604 1638 et
615 1590 744 1656 corniger
754 1590 884 1647 Hammon,
959 1622 960 1630 κ

176 1659 221 1720 Et,
235 1673 304 1725 quae
317 1655 445 1709 Sidonios
454 1657 545 1708 witus
556 1657 689 1724 portabat
698 1658 814 1723 Elissae,

176 1729 224 1779 Bis
237 1728 322 1778 ternis
332 1729 400 1778 ratis
411 1727 551 1778 ordinibus
561 1732 690 1794 grassata
700 1742 752 1794 per
761 1728 852 1781 undas.
957 1757 960 1793 ;

116 1797 166 1847 555
178 1800 212 1848 nt
224 1797 318 1848 vinclis
328 1793 446 1848 trahitur
458 1801 577 1863 cognata
586 1797 614 1847 in
624 1796 710 1849 litora
718 1799 837 1866 Anapus,

178 1867 394 1934 Gorgoneasque
406 1865 498 1917 ferens
508 1866 543 1917 ad
553 1865 646 1929 sidera
656 1865 678 1917 P
717 1882 783 1933 asur
793 1866 855 1921 alu

175 1935 294 1985 Ducitur
304 1940 332 1984 et
342 1935 451 2001 Libyae
461 1936 680 2003 puppiasignata
763 1952 817 2001 am,

175 2004 212 2052 Et
223 2004 321 2053 Triton
333 2005 466 2069 captivus,
478 2010 506 2055 et
517 2003 602 2069 ardua
612 2005 727 2072 rupibus
738 2008 834 2069 Aetne.

176 2069 310 2137 spirantis
322 2088 405 2140 rogus
416 2074 556 2137 Enceladi,
569 2074 745 2143 Cadmeaque
756 2074 847 2129 Sidon.
931 2088 934 2100 ·

115 2138 233 2190 bssllNec
253 2157 345 2204 mora,
367 2145 430 2209 quin
451 2143 573 2210 trepidos
592 2140 645 2195 hae
665 2145 747 2207 clarle
767 2146 898 2213 irrumpo!

650 2228 752 2277 maroa.

175 2280 313 2349 Signaque
323 2277 395 2330 serre
405 2281 495 2333 Deum
505 2282 613 2350 templis
623 2284 679 2334 iarn
689 2284 898 2352 ianquetnsel

174 2350 208 2401 Ni
220 2349 310 2402 subito
322 2350 479 2417 importuna
488 2352 546 2404 lues
556 2353 721 2420 inimicaque
734 2357 829 2421 pestis,

171 2421 276 2471 Invidia
287 2420 386 2477 Dirum
397 2421 540 2489 pelagique
551 2420 655 2484 labore,
663 2429 774 2489 parata,

169 2488 289 2552 Polluta,
301 2490 407 2541 miseris
417 2492 554 2558 rapuisset
563 2491 673 2559 gaudia,
684 2493 775 2545 coelo.

102 2558 156 2612 585
170 2560 299 2631 criniger
310 2561 451 2615 aestiferis
460 2562 550 2612 'iitan
555 2560 709 2611 terroribus
718 2577 811 2625 auran,

77 2662 83 2671 ·
160 2634 202 2687 Et
211 2633 351 2704 patulam
362 2636 484 2701 Cyanen
491 2631 608 2695 lateque
614 2626 867 2693 quarantaniam

157 2704 367 2781 Stagnantem
375 2703 485 2773 Stygio
497 2696 605 2765 Cocyti
613 2691 738 2759 opplent
746 2693 849 2751 odoia,
