1920 2962
143 180 193 245 nen
335 180 363 230 c.
393 176 497 230 siun
524 165 691 230 rrnmcr

141 300 262 367 vipereo
274 298 368 349 domat
378 296 450 348 hune
462 303 575 348 aeterna
585 298 719 366 Megaera
730 295 854 367 flagellet

143 368 223 420 Talia
233 367 347 419 letiferis
359 373 465 418 restant
476 366 606 433 patienda
616 368 751 434 tyrannis.

143 436 197 489 Sed
208 446 236 489 te
248 442 387 488 maternos
398 442 505 503 tempus
516 451 684 504 cognoscere
695 437 795 498 vuitus,

143 509 225 558 Cuius
236 509 325 575 prima
334 508 409 558 venit
418 521 472 557 nen
482 506 568 556 tardis
580 505 705 572 passibus
715 507 819 558 umbra.

83 574 132 625 (itt
143 575 277 629 Adstabat
286 575 405 627 fecunda
415 577 487 626 lovis
498 574 651 640 Pomponia
660 573 745 626 furto.
868 631 871 635 ,

145 646 278 714 Namque,
289 646 336 697 ubi
347 647 476 712 cognovit
486 644 570 694 Latio
580 645 723 710 surgentia
733 643 806 696 bella

142 717 308 777 Poenorum,
320 715 422 776 Venus,
432 713 545 764 insidias
557 714 662 763 anteire
673 713 803 766 laborans

142 786 262 848 lunonis,
273 784 335 835 fusa
346 785 444 835 sensim
455 797 505 850 per
515 788 630 849 pectora
640 788 749 848 patrem

142 853 407 920 lmplieuitiiemme.
437 853 514 914 Quae
524 853 552 902 ni
563 853 674 918 provisa
682 850 807 915 inissent,

80 922 132 973 62⁰
146 922 259 974 Sidonia
269 922 367 972 iliacas
377 937 449 972 nune
459 923 537 988 virge
548 920 715 972 accenderet
727 937 797 974 uras.

142 993 217 1058 Ergo
228 990 274 1039 ubi
285 991 412 1057 gustatus
423 1005 513 1052 eruor,
527 990 724 1058 admonuitque
735 989 841 1060 sibylla,

141 1061 180 1111 Et
190 1059 266 1110 dedit
277 1059 397 1110 alternos
409 1059 541 1110 ambobus
551 1074 667 1111 noscere
676 1060 788 1124 vultus,-

143 1127 189 1180 Sie
198 1129 302 1180 iuvenis
314 1130 404 1195 prior:
417 1129 450 1191 0,
461 1130 551 1196 magni
561 1127 628 1179 mibi
639 1131 758 1182 numinis
767 1131 853 1189 uste,

145 1201 215 1250 Gara
224 1214 332 1265 parens,
347 1213 436 1266 quam,
447 1204 475 1248 te
485 1205 516 1248 ut
525 1196 602 1248 nobis
613 1198 714 1250 m’disse
726 1199 826 1262 liceret,

81 1266 133 1317 625
145 1268 292 1333 Optassem
302 1265 414 1334 Stygias
424 1268 467 1317 vei
477 1267 533 1318 leto
544 1268 648 1317 intrare
657 1269 796 1320 tenebras.

143 1337 220 1396 Quae
233 1350 292 1385 sors
303 1340 401 1386 nostra
411 1334 477 1396 fuit,
489 1337 532 1386 eui
541 1342 585 1398 te,
598 1352 659 1387 eum
670 1338 760 1404 prima
770 1337 865 1397 subiret

142 1404 251 1469 Eripuit
261 1405 318 1454 sine
329 1401 433 1454 benere
446 1404 513 1465 dies,
525 1411 554 1455 et
563 1404 659 1457 funere
671 1406 793 1475 carpsit!

141 1473 253 1540 Excipit
263 1470 305 1523 his
315 1479 418 1524 mater:
430 1473 535 1536 Nullos,
548 1490 564 1525 o
575 1482 648 1536 nate,
658 1476 770 1528 labores

141 1543 218 1593 Mors
229 1540 324 1593 habuit
334 1550 444 1595 nestra:
463 1542 593 1596 aethereo
604 1545 668 1596 dum
682 1547 804 1612 pendere
819 1556 867 1613 par·

616 1626 674 1664 tum

82 1681 132 1733 630
145 1682 290 1745 Eusebem
302 1684 361 1733 miti
372 1683 470 1735 dextra
481 1683 605 1750 Cyllenia
615 1683 707 1750 proies

142 1754 261 1820 Imperio
272 1755 345 1805 lovis
357 1753 465 1820 Elysias
476 1753 590 1804 deduxit
598 1756 625 1803 in
638 1768 715 1818 oras;

141 1824 326 1891 Attribuitque
337 1838 416 1889 pares
427 1823 515 1885 sedes,
526 1823 572 1873 ubi
584 1838 685 1890 magna
695 1832 819 1876 moratur

142 1892 253 1942 Alcidae
265 1894 399 1958 genetrix,
411 1894 456 1942 ubi
467 1907 546 1943 sacro
558 1907 671 1943 munere
682 1891 771 1944 Leda.

142 1961 245 2012 Verum
257 1975 318 2026 age,
330 1967 404 2022 nate,
416 1967 478 2011 tuos
490 1967 575 2024 ortus,
587 1977 621 2012 ne
630 1961 705 2012 belle
715 1977 842 2029 pavescas

80 2027 131 2079 635
144 2029 213 2090 Ulla,
225 2043 276 2078 nee
287 2030 314 2077 in
326 2029 432 2079 eoelum
444 2031 552 2082 dubites
562 2037 590 2081 te
601 2030 698 2082 toliere
708 2031 801 2095 factis,

142 2097 257 2159 Quando
271 2100 378 2164 aperire
391 2099 472 2150 datur
483 2100 573 2163 nobis,
585 2116 657 2151 nune
668 2102 787 2169 denique
798 2102 869 2153 disee·

142 2167 207 2218 Sola
218 2166 261 2217 die
276 2183 401 2233 caperem
413 2169 503 2220 medio
516 2185 577 2220 cum
588 2168 660 2223 ferte
673 2173 778 2238 petitus

141 2237 180 2286 nd
193 2238 314 2304 requiem
326 2253 450 2302 somnos,
461 2239 566 2291 subitus
577 2240 642 2291 mibi
653 2244 779 2294 membra
787 2241 871 2312 ligarit

140 2308 295 2374 Amplexus,
307 2323 361 2358 non
370 2308 425 2370 ilie,
437 2324 498 2359 meo
510 2313 635 2361 veniente
647 2314 758 2376 niente,

79 2374 131 2426 640
142 2379 272 2428 Assuetus
282 2377 424 2445 facilisque
436 2376 515 2428 mihi:
532 2386 589 2430 tnm
600 2381 660 2431 luce
674 2397 801 2446 corusce,

139 2447 273 2511 implebat
284 2462 437 2515 quanquam
449 2448 607 2515 languentia
616 2450 719 2502 lumina
729 2468 846 2513 somnus,

139 2514 201 2566 Vidi
213 2517 319 2582 (erede)
330 2520 431 2569 levem.
461 2517 518 2568 Nee
530 2534 573 2569 me
586 2526 692 2571 mutata
702 2521 802 2574 fefellit

128 2586 154 2639 F
154 2602 237 2638 orma
253 2587 322 2652 Dei,
342 2590 434 2658 qued,
451 2586 621 2656 aquabentem
635 2604 781 2642 eminemus
792 2594 822 2642 in
831 2607 872 2641 an·

635 2669 729 2719 guent,

115 2732 241 2804 Ingenti
253 2733 353 2786 traxit
366 2734 492 2784 curvata
499 2723 649 2777 reiumina
657 2733 741 2785 gem.
